{
  "AAVEUSDT": [
    {
      "datetime": "2025-05-18 23:23:55",
      "side": "Sell",
      "price": 239.45,
      "size": 206.35,
      "dollar_value": 49410.5075
    }
  ],
  "SHIB1000USDT": [
    {
      "datetime": "2025-05-18 23:03:09",
      "side": "Sell",
      "price": 0.015233,
      "size": 2016490.0,
      "dollar_value": 30717.19217
    }
  ],
  "GRIFFAINUSDT": [
    {
      "datetime": "2025-05-18 23:21:26",
      "side": "Buy",
      "price": 0.115,
      "size": 418125.0,
      "dollar_value": 48084.375
    }
  ],
  "HYPEUSDT": [
    {
      "datetime": "2025-05-18 23:00:55",
      "side": "Buy",
      "price": 27.066,
      "size": 1027.23,
      "dollar_value": 27803.00718
    }
  ],
  "LINKUSDT": [
    {
      "datetime": "2025-05-18 23:26:04",
      "side": "Sell",
      "price": 16.224,
      "size": 3995.0,
      "dollar_value": 64814.88
    },
    {
      "datetime": "2025-05-18 23:26:04",
      "side": "Sell",
      "price": 16.224,
      "size": 3995.0,
      "dollar_value": 64814.88
    },
    {
      "datetime": "2025-05-18 23:26:04",
      "side": "Sell",
      "price": 16.224,
      "size": 3995.0,
      "dollar_value": 64814.88
    },
    {
      "datetime": "2025-05-18 23:26:04",
      "side": "Sell",
      "price": 16.224,
      "size": 3995.0,
      "dollar_value": 64814.88
    },
    {
      "datetime": "2025-05-18 23:26:04",
      "side": "Sell",
      "price": 16.224,
      "size": 3995.0,
      "dollar_value": 64814.88
    },
    {
      "datetime": "2025-05-18 23:26:04",
      "side": "Sell",
      "price": 16.224,
      "size": 3995.0,
      "dollar_value": 64814.88
    }
  ],
  "AVAXUSDT": [
    {
      "datetime": "2025-05-18 23:23:55",
      "side": "Sell",
      "price": 23.517,
      "size": 3382.8,
      "dollar_value": 79553.3076
    },
    {
      "datetime": "2025-05-18 23:23:55",
      "side": "Sell",
      "price": 23.517,
      "size": 3382.8,
      "dollar_value": 79553.3076
    },
    {
      "datetime": "2025-05-18 23:23:55",
      "side": "Sell",
      "price": 23.517,
      "size": 3382.8,
      "dollar_value": 79553.3076
    },
    {
      "datetime": "2025-05-18 23:23:55",
      "side": "Sell",
      "price": 23.517,
      "size": 3382.8,
      "dollar_value": 79553.3076
    }
  ],
  "SOLUSDT": [
    {
      "datetime": "2025-05-18 23:30:03",
      "side": "Buy",
      "price": 175.88,
      "size": 249.2,
      "dollar_value": 43829.295999999995
    },
    {
      "datetime": "2025-05-18 23:30:03",
      "side": "Buy",
      "price": 175.88,
      "size": 249.2,
      "dollar_value": 43829.295999999995
    },
    {
      "datetime": "2025-05-18 23:30:03",
      "side": "Buy",
      "price": 175.88,
      "size": 249.2,
      "dollar_value": 43829.295999999995
    },
    {
      "datetime": "2025-05-18 23:30:03",
      "side": "Buy",
      "price": 175.88,
      "size": 249.2,
      "dollar_value": 43829.295999999995
    },
    {
      "datetime": "2025-05-18 23:28:50",
      "side": "Buy",
      "price": 175.7,
      "size": 522.4,
      "dollar_value": 91785.68
    },
    {
      "datetime": "2025-05-18 23:28:50",
      "side": "Buy",
      "price": 175.7,
      "size": 522.4,
      "dollar_value": 91785.68
    },
    {
      "datetime": "2025-05-18 23:28:50",
      "side": "Buy",
      "price": 175.7,
      "size": 522.4,
      "dollar_value": 91785.68
    },
    {
      "datetime": "2025-05-18 23:28:50",
      "side": "Buy",
      "price": 175.7,
      "size": 522.4,
      "dollar_value": 91785.68
    },
    {
      "datetime": "2025-05-18 23:28:50",
      "side": "Buy",
      "price": 175.7,
      "size": 522.4,
      "dollar_value": 91785.68
    },
    {
      "datetime": "2025-05-18 23:28:50",
      "side": "Buy",
      "price": 175.7,
      "size": 522.4,
      "dollar_value": 91785.68
    },
    {
      "datetime": "2025-05-18 23:28:50",
      "side": "Buy",
      "price": 175.7,
      "size": 522.4,
      "dollar_value": 91785.68
    },
    {
      "datetime": "2025-05-18 23:28:50",
      "side": "Buy",
      "price": 175.7,
      "size": 522.4,
      "dollar_value": 91785.68
    },
    {
      "datetime": "2025-05-18 23:28:50",
      "side": "Buy",
      "price": 175.7,
      "size": 522.4,
      "dollar_value": 91785.68
    },
    {
      "datetime": "2025-05-18 23:28:50",
      "side": "Buy",
      "price": 175.7,
      "size": 522.4,
      "dollar_value": 91785.68
    },
    {
      "datetime": "2025-05-18 23:28:50",
      "side": "Buy",
      "price": 175.7,
      "size": 522.4,
      "dollar_value": 91785.68
    },
    {
      "datetime": "2025-05-18 23:28:50",
      "side": "Buy",
      "price": 175.7,
      "size": 522.4,
      "dollar_value": 91785.68
    },
    {
      "datetime": "2025-05-18 23:28:50",
      "side": "Buy",
      "price": 175.7,
      "size": 522.4,
      "dollar_value": 91785.68
    },
    {
      "datetime": "2025-05-18 23:28:50",
      "side": "Buy",
      "price": 175.7,
      "size": 522.4,
      "dollar_value": 91785.68
    },
    {
      "datetime": "2025-05-18 23:28:50",
      "side": "Buy",
      "price": 175.7,
      "size": 522.4,
      "dollar_value": 91785.68
    },
    {
      "datetime": "2025-05-18 23:28:50",
      "side": "Buy",
      "price": 175.7,
      "size": 522.4,
      "dollar_value": 91785.68
    },
    {
      "datetime": "2025-05-18 23:28:50",
      "side": "Buy",
      "price": 175.7,
      "size": 522.4,
      "dollar_value": 91785.68
    },
    {
      "datetime": "2025-05-18 23:28:50",
      "side": "Buy",
      "price": 175.7,
      "size": 522.4,
      "dollar_value": 91785.68
    },
    {
      "datetime": "2025-05-18 23:28:50",
      "side": "Buy",
      "price": 175.7,
      "size": 522.4,
      "dollar_value": 91785.68
    },
    {
      "datetime": "2025-05-18 23:28:50",
      "side": "Buy",
      "price": 175.7,
      "size": 522.4,
      "dollar_value": 91785.68
    },
    {
      "datetime": "2025-05-18 23:28:50",
      "side": "Buy",
      "price": 175.7,
      "size": 522.4,
      "dollar_value": 91785.68
    },
    {
      "datetime": "2025-05-18 23:28:50",
      "side": "Buy",
      "price": 175.7,
      "size": 522.4,
      "dollar_value": 91785.68
    },
    {
      "datetime": "2025-05-18 23:28:50",
      "side": "Buy",
      "price": 175.7,
      "size": 522.4,
      "dollar_value": 91785.68
    },
    {
      "datetime": "2025-05-18 23:28:50",
      "side": "Buy",
      "price": 175.7,
      "size": 522.4,
      "dollar_value": 91785.68
    },
    {
      "datetime": "2025-05-18 23:28:50",
      "side": "Buy",
      "price": 175.7,
      "size": 522.4,
      "dollar_value": 91785.68
    },
    {
      "datetime": "2025-05-18 23:28:50",
      "side": "Buy",
      "price": 175.7,
      "size": 522.4,
      "dollar_value": 91785.68
    },
    {
      "datetime": "2025-05-18 23:28:50",
      "side": "Buy",
      "price": 175.7,
      "size": 522.4,
      "dollar_value": 91785.68
    },
    {
      "datetime": "2025-05-18 23:28:49",
      "side": "Buy",
      "price": 175.65,
      "size": 144.8,
      "dollar_value": 25434.120000000003
    },
    {
      "datetime": "2025-05-18 23:28:49",
      "side": "Buy",
      "price": 175.65,
      "size": 144.8,
      "dollar_value": 25434.120000000003
    },
    {
      "datetime": "2025-05-18 23:28:49",
      "side": "Buy",
      "price": 175.65,
      "size": 144.8,
      "dollar_value": 25434.120000000003
    },
    {
      "datetime": "2025-05-18 23:28:49",
      "side": "Buy",
      "price": 175.65,
      "size": 144.8,
      "dollar_value": 25434.120000000003
    },
    {
      "datetime": "2025-05-18 23:28:49",
      "side": "Buy",
      "price": 175.65,
      "size": 144.8,
      "dollar_value": 25434.120000000003
    },
    {
      "datetime": "2025-05-18 23:27:56",
      "side": "Sell",
      "price": 175.54,
      "size": 219.3,
      "dollar_value": 38495.922
    },
    {
      "datetime": "2025-05-18 23:26:54",
      "side": "Buy",
      "price": 175.59,
      "size": 200.0,
      "dollar_value": 35118.0
    },
    {
      "datetime": "2025-05-18 23:26:54",
      "side": "Buy",
      "price": 175.59,
      "size": 200.0,
      "dollar_value": 35118.0
    },
    {
      "datetime": "2025-05-18 23:26:54",
      "side": "Buy",
      "price": 175.59,
      "size": 200.0,
      "dollar_value": 35118.0
    },
    {
      "datetime": "2025-05-18 23:26:53",
      "side": "Buy",
      "price": 175.57,
      "size": 143.5,
      "dollar_value": 25194.295
    },
    {
      "datetime": "2025-05-18 23:26:53",
      "side": "Buy",
      "price": 175.57,
      "size": 143.5,
      "dollar_value": 25194.295
    },
    {
      "datetime": "2025-05-18 23:26:53",
      "side": "Buy",
      "price": 175.57,
      "size": 143.5,
      "dollar_value": 25194.295
    },
    {
      "datetime": "2025-05-18 23:26:10",
      "side": "Buy",
      "price": 175.47,
      "size": 159.2,
      "dollar_value": 27934.823999999997
    },
    {
      "datetime": "2025-05-18 23:26:10",
      "side": "Buy",
      "price": 175.47,
      "size": 159.2,
      "dollar_value": 27934.823999999997
    },
    {
      "datetime": "2025-05-18 23:26:10",
      "side": "Buy",
      "price": 175.47,
      "size": 159.2,
      "dollar_value": 27934.823999999997
    },
    {
      "datetime": "2025-05-18 23:26:10",
      "side": "Buy",
      "price": 175.47,
      "size": 159.2,
      "dollar_value": 27934.823999999997
    },
    {
      "datetime": "2025-05-18 23:26:10",
      "side": "Buy",
      "price": 175.47,
      "size": 159.2,
      "dollar_value": 27934.823999999997
    },
    {
      "datetime": "2025-05-18 23:26:10",
      "side": "Buy",
      "price": 175.47,
      "size": 159.2,
      "dollar_value": 27934.823999999997
    },
    {
      "datetime": "2025-05-18 23:26:10",
      "side": "Buy",
      "price": 175.47,
      "size": 159.2,
      "dollar_value": 27934.823999999997
    },
    {
      "datetime": "2025-05-18 23:26:10",
      "side": "Buy",
      "price": 175.47,
      "size": 159.2,
      "dollar_value": 27934.823999999997
    },
    {
      "datetime": "2025-05-18 23:26:10",
      "side": "Buy",
      "price": 175.47,
      "size": 159.2,
      "dollar_value": 27934.823999999997
    },
    {
      "datetime": "2025-05-18 23:26:10",
      "side": "Buy",
      "price": 175.47,
      "size": 159.2,
      "dollar_value": 27934.823999999997
    },
    {
      "datetime": "2025-05-18 23:26:10",
      "side": "Buy",
      "price": 175.47,
      "size": 159.2,
      "dollar_value": 27934.823999999997
    },
    {
      "datetime": "2025-05-18 23:26:10",
      "side": "Buy",
      "price": 175.47,
      "size": 159.2,
      "dollar_value": 27934.823999999997
    },
    {
      "datetime": "2025-05-18 23:26:10",
      "side": "Buy",
      "price": 175.47,
      "size": 159.2,
      "dollar_value": 27934.823999999997
    },
    {
      "datetime": "2025-05-18 23:25:13",
      "side": "Sell",
      "price": 175.34,
      "size": 409.7,
      "dollar_value": 71836.798
    },
    {
      "datetime": "2025-05-18 23:25:13",
      "side": "Sell",
      "price": 175.34,
      "size": 409.7,
      "dollar_value": 71836.798
    },
    {
      "datetime": "2025-05-18 23:25:13",
      "side": "Sell",
      "price": 175.34,
      "size": 409.7,
      "dollar_value": 71836.798
    },
    {
      "datetime": "2025-05-18 23:25:13",
      "side": "Sell",
      "price": 175.34,
      "size": 409.7,
      "dollar_value": 71836.798
    },
    {
      "datetime": "2025-05-18 23:24:45",
      "side": "Buy",
      "price": 175.16,
      "size": 168.1,
      "dollar_value": 29444.395999999997
    },
    {
      "datetime": "2025-05-18 23:24:34",
      "side": "Sell",
      "price": 175.08,
      "size": 292.4,
      "dollar_value": 51193.392
    },
    {
      "datetime": "2025-05-18 23:24:34",
      "side": "Sell",
      "price": 175.08,
      "size": 292.4,
      "dollar_value": 51193.392
    },
    {
      "datetime": "2025-05-18 23:24:16",
      "side": "Buy",
      "price": 175.16,
      "size": 164.2,
      "dollar_value": 28761.271999999997
    },
    {
      "datetime": "2025-05-18 23:23:59",
      "side": "Buy",
      "price": 174.96,
      "size": 160.2,
      "dollar_value": 28028.592
    },
    {
      "datetime": "2025-05-18 23:23:59",
      "side": "Buy",
      "price": 174.96,
      "size": 160.2,
      "dollar_value": 28028.592
    },
    {
      "datetime": "2025-05-18 23:23:57",
      "side": "Sell",
      "price": 174.97,
      "size": 146.9,
      "dollar_value": 25703.093
    },
    {
      "datetime": "2025-05-18 23:23:57",
      "side": "Sell",
      "price": 174.88,
      "size": 326.0,
      "dollar_value": 57010.88
    },
    {
      "datetime": "2025-05-18 23:23:57",
      "side": "Sell",
      "price": 174.88,
      "size": 326.0,
      "dollar_value": 57010.88
    },
    {
      "datetime": "2025-05-18 23:23:57",
      "side": "Sell",
      "price": 174.88,
      "size": 326.0,
      "dollar_value": 57010.88
    },
    {
      "datetime": "2025-05-18 23:23:57",
      "side": "Sell",
      "price": 174.88,
      "size": 326.0,
      "dollar_value": 57010.88
    },
    {
      "datetime": "2025-05-18 23:23:57",
      "side": "Sell",
      "price": 174.88,
      "size": 326.0,
      "dollar_value": 57010.88
    },
    {
      "datetime": "2025-05-18 23:23:57",
      "side": "Sell",
      "price": 174.88,
      "size": 326.0,
      "dollar_value": 57010.88
    },
    {
      "datetime": "2025-05-18 23:23:57",
      "side": "Sell",
      "price": 174.88,
      "size": 326.0,
      "dollar_value": 57010.88
    },
    {
      "datetime": "2025-05-18 23:23:57",
      "side": "Sell",
      "price": 174.88,
      "size": 326.0,
      "dollar_value": 57010.88
    },
    {
      "datetime": "2025-05-18 23:23:57",
      "side": "Sell",
      "price": 174.88,
      "size": 326.0,
      "dollar_value": 57010.88
    },
    {
      "datetime": "2025-05-18 23:23:57",
      "side": "Sell",
      "price": 174.88,
      "size": 326.0,
      "dollar_value": 57010.88
    },
    {
      "datetime": "2025-05-18 23:23:57",
      "side": "Sell",
      "price": 174.88,
      "size": 326.0,
      "dollar_value": 57010.88
    },
    {
      "datetime": "2025-05-18 23:23:57",
      "side": "Sell",
      "price": 174.88,
      "size": 326.0,
      "dollar_value": 57010.88
    },
    {
      "datetime": "2025-05-18 23:23:57",
      "side": "Sell",
      "price": 174.88,
      "size": 326.0,
      "dollar_value": 57010.88
    },
    {
      "datetime": "2025-05-18 23:23:57",
      "side": "Sell",
      "price": 174.88,
      "size": 326.0,
      "dollar_value": 57010.88
    },
    {
      "datetime": "2025-05-18 23:23:57",
      "side": "Sell",
      "price": 174.88,
      "size": 326.0,
      "dollar_value": 57010.88
    },
    {
      "datetime": "2025-05-18 23:23:57",
      "side": "Sell",
      "price": 174.88,
      "size": 326.0,
      "dollar_value": 57010.88
    },
    {
      "datetime": "2025-05-18 23:23:57",
      "side": "Sell",
      "price": 174.88,
      "size": 326.0,
      "dollar_value": 57010.88
    },
    {
      "datetime": "2025-05-18 23:23:57",
      "side": "Sell",
      "price": 174.88,
      "size": 326.0,
      "dollar_value": 57010.88
    },
    {
      "datetime": "2025-05-18 23:23:57",
      "side": "Sell",
      "price": 174.88,
      "size": 326.0,
      "dollar_value": 57010.88
    },
    {
      "datetime": "2025-05-18 23:23:57",
      "side": "Sell",
      "price": 174.88,
      "size": 326.0,
      "dollar_value": 57010.88
    },
    {
      "datetime": "2025-05-18 23:23:57",
      "side": "Sell",
      "price": 174.88,
      "size": 326.0,
      "dollar_value": 57010.88
    },
    {
      "datetime": "2025-05-18 23:23:57",
      "side": "Sell",
      "price": 174.88,
      "size": 326.0,
      "dollar_value": 57010.88
    },
    {
      "datetime": "2025-05-18 23:23:57",
      "side": "Sell",
      "price": 174.88,
      "size": 326.0,
      "dollar_value": 57010.88
    },
    {
      "datetime": "2025-05-18 23:23:57",
      "side": "Sell",
      "price": 174.88,
      "size": 326.0,
      "dollar_value": 57010.88
    },
    {
      "datetime": "2025-05-18 23:23:57",
      "side": "Sell",
      "price": 174.88,
      "size": 326.0,
      "dollar_value": 57010.88
    },
    {
      "datetime": "2025-05-18 23:23:57",
      "side": "Sell",
      "price": 174.88,
      "size": 326.0,
      "dollar_value": 57010.88
    },
    {
      "datetime": "2025-05-18 23:23:57",
      "side": "Sell",
      "price": 174.88,
      "size": 326.0,
      "dollar_value": 57010.88
    },
    {
      "datetime": "2025-05-18 23:23:57",
      "side": "Sell",
      "price": 174.88,
      "size": 326.0,
      "dollar_value": 57010.88
    },
    {
      "datetime": "2025-05-18 23:23:57",
      "side": "Sell",
      "price": 174.88,
      "size": 326.0,
      "dollar_value": 57010.88
    },
    {
      "datetime": "2025-05-18 23:23:57",
      "side": "Sell",
      "price": 175.08,
      "size": 516.8,
      "dollar_value": 90481.344
    },
    {
      "datetime": "2025-05-18 23:23:57",
      "side": "Sell",
      "price": 175.08,
      "size": 516.8,
      "dollar_value": 90481.344
    },
    {
      "datetime": "2025-05-18 23:23:57",
      "side": "Sell",
      "price": 175.08,
      "size": 516.8,
      "dollar_value": 90481.344
    },
    {
      "datetime": "2025-05-18 23:23:57",
      "side": "Sell",
      "price": 175.08,
      "size": 516.8,
      "dollar_value": 90481.344
    },
    {
      "datetime": "2025-05-18 23:23:57",
      "side": "Sell",
      "price": 175.08,
      "size": 516.8,
      "dollar_value": 90481.344
    },
    {
      "datetime": "2025-05-18 23:23:57",
      "side": "Sell",
      "price": 175.08,
      "size": 516.8,
      "dollar_value": 90481.344
    },
    {
      "datetime": "2025-05-18 23:23:57",
      "side": "Sell",
      "price": 175.08,
      "size": 516.8,
      "dollar_value": 90481.344
    },
    {
      "datetime": "2025-05-18 23:23:57",
      "side": "Sell",
      "price": 175.08,
      "size": 516.8,
      "dollar_value": 90481.344
    },
    {
      "datetime": "2025-05-18 23:23:57",
      "side": "Sell",
      "price": 175.08,
      "size": 516.8,
      "dollar_value": 90481.344
    },
    {
      "datetime": "2025-05-18 23:23:57",
      "side": "Sell",
      "price": 175.08,
      "size": 516.8,
      "dollar_value": 90481.344
    },
    {
      "datetime": "2025-05-18 23:23:57",
      "side": "Sell",
      "price": 175.08,
      "size": 516.8,
      "dollar_value": 90481.344
    },
    {
      "datetime": "2025-05-18 23:23:57",
      "side": "Sell",
      "price": 175.08,
      "size": 516.8,
      "dollar_value": 90481.344
    },
    {
      "datetime": "2025-05-18 23:23:57",
      "side": "Sell",
      "price": 175.08,
      "size": 516.8,
      "dollar_value": 90481.344
    },
    {
      "datetime": "2025-05-18 23:23:57",
      "side": "Sell",
      "price": 175.08,
      "size": 516.8,
      "dollar_value": 90481.344
    },
    {
      "datetime": "2025-05-18 23:23:57",
      "side": "Sell",
      "price": 175.08,
      "size": 516.8,
      "dollar_value": 90481.344
    },
    {
      "datetime": "2025-05-18 23:23:57",
      "side": "Sell",
      "price": 175.08,
      "size": 516.8,
      "dollar_value": 90481.344
    },
    {
      "datetime": "2025-05-18 23:23:57",
      "side": "Sell",
      "price": 175.08,
      "size": 516.8,
      "dollar_value": 90481.344
    },
    {
      "datetime": "2025-05-18 23:23:57",
      "side": "Sell",
      "price": 175.08,
      "size": 516.8,
      "dollar_value": 90481.344
    },
    {
      "datetime": "2025-05-18 23:23:57",
      "side": "Sell",
      "price": 175.08,
      "size": 516.8,
      "dollar_value": 90481.344
    },
    {
      "datetime": "2025-05-18 23:23:57",
      "side": "Sell",
      "price": 175.08,
      "size": 516.8,
      "dollar_value": 90481.344
    },
    {
      "datetime": "2025-05-18 23:23:57",
      "side": "Sell",
      "price": 175.08,
      "size": 516.8,
      "dollar_value": 90481.344
    },
    {
      "datetime": "2025-05-18 23:23:57",
      "side": "Sell",
      "price": 175.08,
      "size": 516.8,
      "dollar_value": 90481.344
    },
    {
      "datetime": "2025-05-18 23:23:57",
      "side": "Sell",
      "price": 175.08,
      "size": 516.8,
      "dollar_value": 90481.344
    },
    {
      "datetime": "2025-05-18 23:23:57",
      "side": "Sell",
      "price": 175.08,
      "size": 516.8,
      "dollar_value": 90481.344
    },
    {
      "datetime": "2025-05-18 23:23:57",
      "side": "Sell",
      "price": 175.08,
      "size": 516.8,
      "dollar_value": 90481.344
    },
    {
      "datetime": "2025-05-18 23:23:57",
      "side": "Sell",
      "price": 175.08,
      "size": 516.8,
      "dollar_value": 90481.344
    },
    {
      "datetime": "2025-05-18 23:23:57",
      "side": "Sell",
      "price": 175.08,
      "size": 516.8,
      "dollar_value": 90481.344
    },
    {
      "datetime": "2025-05-18 23:23:57",
      "side": "Sell",
      "price": 175.08,
      "size": 516.8,
      "dollar_value": 90481.344
    },
    {
      "datetime": "2025-05-18 23:23:57",
      "side": "Sell",
      "price": 175.08,
      "size": 516.8,
      "dollar_value": 90481.344
    },
    {
      "datetime": "2025-05-18 23:23:57",
      "side": "Sell",
      "price": 175.08,
      "size": 516.8,
      "dollar_value": 90481.344
    },
    {
      "datetime": "2025-05-18 23:23:57",
      "side": "Sell",
      "price": 175.08,
      "size": 516.8,
      "dollar_value": 90481.344
    },
    {
      "datetime": "2025-05-18 23:23:57",
      "side": "Sell",
      "price": 175.08,
      "size": 516.8,
      "dollar_value": 90481.344
    },
    {
      "datetime": "2025-05-18 23:23:57",
      "side": "Sell",
      "price": 175.08,
      "size": 516.8,
      "dollar_value": 90481.344
    },
    {
      "datetime": "2025-05-18 23:23:57",
      "side": "Sell",
      "price": 175.12,
      "size": 348.7,
      "dollar_value": 61064.344
    },
    {
      "datetime": "2025-05-18 23:23:57",
      "side": "Sell",
      "price": 175.12,
      "size": 171.4,
      "dollar_value": 30015.568000000003
    },
    {
      "datetime": "2025-05-18 23:23:57",
      "side": "Sell",
      "price": 175.12,
      "size": 171.4,
      "dollar_value": 30015.568000000003
    },
    {
      "datetime": "2025-05-18 23:23:49",
      "side": "Sell",
      "price": 175.2,
      "size": 213.5,
      "dollar_value": 37405.2
    },
    {
      "datetime": "2025-05-18 23:23:49",
      "side": "Sell",
      "price": 175.2,
      "size": 213.5,
      "dollar_value": 37405.2
    },
    {
      "datetime": "2025-05-18 23:23:43",
      "side": "Sell",
      "price": 175.28,
      "size": 189.1,
      "dollar_value": 33145.448
    },
    {
      "datetime": "2025-05-18 23:23:24",
      "side": "Buy",
      "price": 175.3,
      "size": 170.4,
      "dollar_value": 29871.120000000003
    },
    {
      "datetime": "2025-05-18 23:23:24",
      "side": "Buy",
      "price": 175.3,
      "size": 170.4,
      "dollar_value": 29871.120000000003
    },
    {
      "datetime": "2025-05-18 23:23:24",
      "side": "Buy",
      "price": 175.3,
      "size": 170.4,
      "dollar_value": 29871.120000000003
    },
    {
      "datetime": "2025-05-18 23:23:24",
      "side": "Buy",
      "price": 175.3,
      "size": 170.4,
      "dollar_value": 29871.120000000003
    },
    {
      "datetime": "2025-05-18 23:23:24",
      "side": "Buy",
      "price": 175.3,
      "size": 170.4,
      "dollar_value": 29871.120000000003
    },
    {
      "datetime": "2025-05-18 23:23:24",
      "side": "Buy",
      "price": 175.3,
      "size": 170.4,
      "dollar_value": 29871.120000000003
    },
    {
      "datetime": "2025-05-18 23:23:24",
      "side": "Buy",
      "price": 175.3,
      "size": 170.4,
      "dollar_value": 29871.120000000003
    },
    {
      "datetime": "2025-05-18 23:23:24",
      "side": "Buy",
      "price": 175.3,
      "size": 170.4,
      "dollar_value": 29871.120000000003
    },
    {
      "datetime": "2025-05-18 23:23:18",
      "side": "Sell",
      "price": 175.23,
      "size": 203.0,
      "dollar_value": 35571.689999999995
    },
    {
      "datetime": "2025-05-18 23:23:18",
      "side": "Sell",
      "price": 175.23,
      "size": 203.0,
      "dollar_value": 35571.689999999995
    },
    {
      "datetime": "2025-05-18 23:23:18",
      "side": "Sell",
      "price": 175.23,
      "size": 203.0,
      "dollar_value": 35571.689999999995
    },
    {
      "datetime": "2025-05-18 23:23:18",
      "side": "Sell",
      "price": 175.23,
      "size": 203.0,
      "dollar_value": 35571.689999999995
    },
    {
      "datetime": "2025-05-18 23:23:18",
      "side": "Sell",
      "price": 175.25,
      "size": 235.1,
      "dollar_value": 41201.275
    },
    {
      "datetime": "2025-05-18 23:23:18",
      "side": "Sell",
      "price": 175.25,
      "size": 235.1,
      "dollar_value": 41201.275
    },
    {
      "datetime": "2025-05-18 23:23:18",
      "side": "Sell",
      "price": 175.25,
      "size": 235.1,
      "dollar_value": 41201.275
    },
    {
      "datetime": "2025-05-18 23:23:18",
      "side": "Sell",
      "price": 175.25,
      "size": 235.1,
      "dollar_value": 41201.275
    },
    {
      "datetime": "2025-05-18 23:23:18",
      "side": "Sell",
      "price": 175.25,
      "size": 235.1,
      "dollar_value": 41201.275
    },
    {
      "datetime": "2025-05-18 23:23:18",
      "side": "Sell",
      "price": 175.25,
      "size": 235.1,
      "dollar_value": 41201.275
    },
    {
      "datetime": "2025-05-18 23:23:18",
      "side": "Sell",
      "price": 175.25,
      "size": 235.1,
      "dollar_value": 41201.275
    },
    {
      "datetime": "2025-05-18 23:23:18",
      "side": "Sell",
      "price": 175.25,
      "size": 235.1,
      "dollar_value": 41201.275
    },
    {
      "datetime": "2025-05-18 23:23:18",
      "side": "Sell",
      "price": 175.25,
      "size": 235.1,
      "dollar_value": 41201.275
    },
    {
      "datetime": "2025-05-18 23:23:18",
      "side": "Sell",
      "price": 175.25,
      "size": 235.1,
      "dollar_value": 41201.275
    },
    {
      "datetime": "2025-05-18 23:23:18",
      "side": "Sell",
      "price": 175.25,
      "size": 235.1,
      "dollar_value": 41201.275
    },
    {
      "datetime": "2025-05-18 23:23:18",
      "side": "Sell",
      "price": 175.25,
      "size": 235.1,
      "dollar_value": 41201.275
    },
    {
      "datetime": "2025-05-18 23:23:18",
      "side": "Sell",
      "price": 175.25,
      "size": 235.1,
      "dollar_value": 41201.275
    },
    {
      "datetime": "2025-05-18 23:23:18",
      "side": "Sell",
      "price": 175.25,
      "size": 235.1,
      "dollar_value": 41201.275
    },
    {
      "datetime": "2025-05-18 23:23:18",
      "side": "Sell",
      "price": 175.25,
      "size": 235.1,
      "dollar_value": 41201.275
    },
    {
      "datetime": "2025-05-18 23:23:18",
      "side": "Sell",
      "price": 175.25,
      "size": 235.1,
      "dollar_value": 41201.275
    },
    {
      "datetime": "2025-05-18 23:23:18",
      "side": "Sell",
      "price": 175.25,
      "size": 235.1,
      "dollar_value": 41201.275
    },
    {
      "datetime": "2025-05-18 23:23:18",
      "side": "Sell",
      "price": 175.25,
      "size": 235.1,
      "dollar_value": 41201.275
    },
    {
      "datetime": "2025-05-18 23:23:18",
      "side": "Sell",
      "price": 175.25,
      "size": 235.1,
      "dollar_value": 41201.275
    },
    {
      "datetime": "2025-05-18 23:23:18",
      "side": "Sell",
      "price": 175.25,
      "size": 235.1,
      "dollar_value": 41201.275
    },
    {
      "datetime": "2025-05-18 23:23:18",
      "side": "Sell",
      "price": 175.25,
      "size": 235.1,
      "dollar_value": 41201.275
    },
    {
      "datetime": "2025-05-18 23:23:18",
      "side": "Sell",
      "price": 175.25,
      "size": 235.1,
      "dollar_value": 41201.275
    },
    {
      "datetime": "2025-05-18 23:22:51",
      "side": "Sell",
      "price": 175.45,
      "size": 480.0,
      "dollar_value": 84216.0
    },
    {
      "datetime": "2025-05-18 23:22:51",
      "side": "Sell",
      "price": 175.45,
      "size": 480.0,
      "dollar_value": 84216.0
    },
    {
      "datetime": "2025-05-18 23:22:43",
      "side": "Buy",
      "price": 175.39,
      "size": 164.6,
      "dollar_value": 28869.193999999996
    },
    {
      "datetime": "2025-05-18 23:22:43",
      "side": "Buy",
      "price": 175.39,
      "size": 164.6,
      "dollar_value": 28869.193999999996
    },
    {
      "datetime": "2025-05-18 23:22:25",
      "side": "Sell",
      "price": 175.5,
      "size": 182.6,
      "dollar_value": 32046.3
    },
    {
      "datetime": "2025-05-18 23:22:25",
      "side": "Sell",
      "price": 175.5,
      "size": 182.6,
      "dollar_value": 32046.3
    },
    {
      "datetime": "2025-05-18 23:22:25",
      "side": "Sell",
      "price": 175.5,
      "size": 182.6,
      "dollar_value": 32046.3
    },
    {
      "datetime": "2025-05-18 23:22:25",
      "side": "Sell",
      "price": 175.5,
      "size": 182.6,
      "dollar_value": 32046.3
    },
    {
      "datetime": "2025-05-18 23:22:25",
      "side": "Sell",
      "price": 175.5,
      "size": 182.6,
      "dollar_value": 32046.3
    },
    {
      "datetime": "2025-05-18 23:22:25",
      "side": "Sell",
      "price": 175.5,
      "size": 182.6,
      "dollar_value": 32046.3
    },
    {
      "datetime": "2025-05-18 23:22:25",
      "side": "Sell",
      "price": 175.5,
      "size": 182.6,
      "dollar_value": 32046.3
    },
    {
      "datetime": "2025-05-18 23:22:25",
      "side": "Sell",
      "price": 175.5,
      "size": 182.6,
      "dollar_value": 32046.3
    },
    {
      "datetime": "2025-05-18 23:22:25",
      "side": "Sell",
      "price": 175.5,
      "size": 182.6,
      "dollar_value": 32046.3
    },
    {
      "datetime": "2025-05-18 23:22:25",
      "side": "Sell",
      "price": 175.5,
      "size": 182.6,
      "dollar_value": 32046.3
    },
    {
      "datetime": "2025-05-18 23:22:25",
      "side": "Sell",
      "price": 175.5,
      "size": 182.6,
      "dollar_value": 32046.3
    },
    {
      "datetime": "2025-05-18 23:22:25",
      "side": "Sell",
      "price": 175.5,
      "size": 182.6,
      "dollar_value": 32046.3
    },
    {
      "datetime": "2025-05-18 23:22:25",
      "side": "Sell",
      "price": 175.5,
      "size": 182.6,
      "dollar_value": 32046.3
    },
    {
      "datetime": "2025-05-18 23:22:25",
      "side": "Sell",
      "price": 175.5,
      "size": 182.6,
      "dollar_value": 32046.3
    },
    {
      "datetime": "2025-05-18 23:22:25",
      "side": "Sell",
      "price": 175.5,
      "size": 182.6,
      "dollar_value": 32046.3
    },
    {
      "datetime": "2025-05-18 23:22:25",
      "side": "Sell",
      "price": 175.5,
      "size": 182.6,
      "dollar_value": 32046.3
    },
    {
      "datetime": "2025-05-18 23:22:25",
      "side": "Sell",
      "price": 175.5,
      "size": 182.6,
      "dollar_value": 32046.3
    },
    {
      "datetime": "2025-05-18 23:22:25",
      "side": "Sell",
      "price": 175.5,
      "size": 182.6,
      "dollar_value": 32046.3
    },
    {
      "datetime": "2025-05-18 23:22:25",
      "side": "Sell",
      "price": 175.5,
      "size": 182.6,
      "dollar_value": 32046.3
    },
    {
      "datetime": "2025-05-18 23:22:25",
      "side": "Sell",
      "price": 175.5,
      "size": 182.6,
      "dollar_value": 32046.3
    },
    {
      "datetime": "2025-05-18 23:22:25",
      "side": "Sell",
      "price": 175.5,
      "size": 182.6,
      "dollar_value": 32046.3
    },
    {
      "datetime": "2025-05-18 23:22:25",
      "side": "Sell",
      "price": 175.5,
      "size": 182.6,
      "dollar_value": 32046.3
    },
    {
      "datetime": "2025-05-18 23:22:25",
      "side": "Sell",
      "price": 175.5,
      "size": 182.6,
      "dollar_value": 32046.3
    },
    {
      "datetime": "2025-05-18 23:22:25",
      "side": "Sell",
      "price": 175.5,
      "size": 182.6,
      "dollar_value": 32046.3
    },
    {
      "datetime": "2025-05-18 23:22:25",
      "side": "Sell",
      "price": 175.5,
      "size": 182.6,
      "dollar_value": 32046.3
    },
    {
      "datetime": "2025-05-18 23:22:25",
      "side": "Sell",
      "price": 175.5,
      "size": 182.6,
      "dollar_value": 32046.3
    },
    {
      "datetime": "2025-05-18 23:22:25",
      "side": "Sell",
      "price": 175.5,
      "size": 182.6,
      "dollar_value": 32046.3
    },
    {
      "datetime": "2025-05-18 23:22:25",
      "side": "Sell",
      "price": 175.5,
      "size": 182.6,
      "dollar_value": 32046.3
    },
    {
      "datetime": "2025-05-18 23:22:25",
      "side": "Sell",
      "price": 175.5,
      "size": 182.6,
      "dollar_value": 32046.3
    },
    {
      "datetime": "2025-05-18 23:22:25",
      "side": "Sell",
      "price": 175.5,
      "size": 182.6,
      "dollar_value": 32046.3
    },
    {
      "datetime": "2025-05-18 23:22:25",
      "side": "Sell",
      "price": 175.5,
      "size": 182.6,
      "dollar_value": 32046.3
    },
    {
      "datetime": "2025-05-18 23:22:25",
      "side": "Sell",
      "price": 175.5,
      "size": 182.6,
      "dollar_value": 32046.3
    },
    {
      "datetime": "2025-05-18 23:22:25",
      "side": "Sell",
      "price": 175.5,
      "size": 182.6,
      "dollar_value": 32046.3
    },
    {
      "datetime": "2025-05-18 23:22:25",
      "side": "Sell",
      "price": 175.5,
      "size": 182.6,
      "dollar_value": 32046.3
    },
    {
      "datetime": "2025-05-18 23:22:25",
      "side": "Sell",
      "price": 175.5,
      "size": 182.6,
      "dollar_value": 32046.3
    },
    {
      "datetime": "2025-05-18 23:22:25",
      "side": "Sell",
      "price": 175.5,
      "size": 182.6,
      "dollar_value": 32046.3
    },
    {
      "datetime": "2025-05-18 23:22:25",
      "side": "Sell",
      "price": 175.5,
      "size": 182.6,
      "dollar_value": 32046.3
    },
    {
      "datetime": "2025-05-18 23:22:25",
      "side": "Sell",
      "price": 175.5,
      "size": 182.6,
      "dollar_value": 32046.3
    },
    {
      "datetime": "2025-05-18 23:22:25",
      "side": "Sell",
      "price": 175.5,
      "size": 182.6,
      "dollar_value": 32046.3
    },
    {
      "datetime": "2025-05-18 23:22:25",
      "side": "Sell",
      "price": 175.5,
      "size": 182.6,
      "dollar_value": 32046.3
    },
    {
      "datetime": "2025-05-18 23:22:25",
      "side": "Sell",
      "price": 175.5,
      "size": 182.6,
      "dollar_value": 32046.3
    },
    {
      "datetime": "2025-05-18 23:22:25",
      "side": "Sell",
      "price": 175.5,
      "size": 182.6,
      "dollar_value": 32046.3
    },
    {
      "datetime": "2025-05-18 23:22:25",
      "side": "Sell",
      "price": 175.5,
      "size": 182.6,
      "dollar_value": 32046.3
    },
    {
      "datetime": "2025-05-18 23:22:25",
      "side": "Sell",
      "price": 175.5,
      "size": 182.6,
      "dollar_value": 32046.3
    },
    {
      "datetime": "2025-05-18 23:22:25",
      "side": "Sell",
      "price": 175.5,
      "size": 182.6,
      "dollar_value": 32046.3
    },
    {
      "datetime": "2025-05-18 23:22:25",
      "side": "Sell",
      "price": 175.5,
      "size": 182.6,
      "dollar_value": 32046.3
    },
    {
      "datetime": "2025-05-18 23:22:12",
      "side": "Sell",
      "price": 175.55,
      "size": 242.0,
      "dollar_value": 42483.100000000006
    },
    {
      "datetime": "2025-05-18 23:22:12",
      "side": "Sell",
      "price": 175.55,
      "size": 242.0,
      "dollar_value": 42483.100000000006
    },
    {
      "datetime": "2025-05-18 23:22:12",
      "side": "Sell",
      "price": 175.55,
      "size": 242.0,
      "dollar_value": 42483.100000000006
    },
    {
      "datetime": "2025-05-18 23:22:12",
      "side": "Sell",
      "price": 175.55,
      "size": 242.0,
      "dollar_value": 42483.100000000006
    },
    {
      "datetime": "2025-05-18 23:22:12",
      "side": "Sell",
      "price": 175.55,
      "size": 242.0,
      "dollar_value": 42483.100000000006
    },
    {
      "datetime": "2025-05-18 23:22:12",
      "side": "Sell",
      "price": 175.55,
      "size": 242.0,
      "dollar_value": 42483.100000000006
    },
    {
      "datetime": "2025-05-18 23:22:12",
      "side": "Sell",
      "price": 175.55,
      "size": 242.0,
      "dollar_value": 42483.100000000006
    },
    {
      "datetime": "2025-05-18 23:22:12",
      "side": "Sell",
      "price": 175.55,
      "size": 242.0,
      "dollar_value": 42483.100000000006
    },
    {
      "datetime": "2025-05-18 23:22:12",
      "side": "Sell",
      "price": 175.55,
      "size": 242.0,
      "dollar_value": 42483.100000000006
    },
    {
      "datetime": "2025-05-18 23:22:09",
      "side": "Sell",
      "price": 175.9,
      "size": 325.5,
      "dollar_value": 57255.450000000004
    },
    {
      "datetime": "2025-05-18 23:22:09",
      "side": "Sell",
      "price": 175.92,
      "size": 198.4,
      "dollar_value": 34902.528
    },
    {
      "datetime": "2025-05-18 23:22:09",
      "side": "Sell",
      "price": 175.92,
      "size": 198.4,
      "dollar_value": 34902.528
    },
    {
      "datetime": "2025-05-18 23:20:23",
      "side": "Buy",
      "price": 175.8,
      "size": 143.9,
      "dollar_value": 25297.620000000003
    },
    {
      "datetime": "2025-05-18 23:17:28",
      "side": "Buy",
      "price": 175.81,
      "size": 142.2,
      "dollar_value": 25000.181999999997
    },
    {
      "datetime": "2025-05-18 23:17:05",
      "side": "Sell",
      "price": 175.9,
      "size": 503.5,
      "dollar_value": 88565.65000000001
    },
    {
      "datetime": "2025-05-18 23:16:50",
      "side": "Sell",
      "price": 176.03,
      "size": 214.6,
      "dollar_value": 37776.038
    },
    {
      "datetime": "2025-05-18 23:16:50",
      "side": "Sell",
      "price": 176.03,
      "size": 214.6,
      "dollar_value": 37776.038
    },
    {
      "datetime": "2025-05-18 23:16:50",
      "side": "Sell",
      "price": 176.03,
      "size": 214.6,
      "dollar_value": 37776.038
    },
    {
      "datetime": "2025-05-18 23:16:50",
      "side": "Sell",
      "price": 176.03,
      "size": 214.6,
      "dollar_value": 37776.038
    },
    {
      "datetime": "2025-05-18 23:16:50",
      "side": "Sell",
      "price": 176.03,
      "size": 214.6,
      "dollar_value": 37776.038
    },
    {
      "datetime": "2025-05-18 23:16:50",
      "side": "Sell",
      "price": 176.03,
      "size": 214.6,
      "dollar_value": 37776.038
    },
    {
      "datetime": "2025-05-18 23:16:50",
      "side": "Sell",
      "price": 176.03,
      "size": 214.6,
      "dollar_value": 37776.038
    },
    {
      "datetime": "2025-05-18 23:16:50",
      "side": "Sell",
      "price": 176.03,
      "size": 214.6,
      "dollar_value": 37776.038
    },
    {
      "datetime": "2025-05-18 23:16:10",
      "side": "Buy",
      "price": 176.07,
      "size": 159.3,
      "dollar_value": 28047.951
    },
    {
      "datetime": "2025-05-18 23:15:34",
      "side": "Sell",
      "price": 175.85,
      "size": 282.1,
      "dollar_value": 49607.285
    },
    {
      "datetime": "2025-05-18 23:15:23",
      "side": "Sell",
      "price": 176.04,
      "size": 154.8,
      "dollar_value": 27250.992000000002
    },
    {
      "datetime": "2025-05-18 23:15:23",
      "side": "Sell",
      "price": 176.04,
      "size": 154.8,
      "dollar_value": 27250.992000000002
    },
    {
      "datetime": "2025-05-18 23:15:23",
      "side": "Sell",
      "price": 176.04,
      "size": 154.8,
      "dollar_value": 27250.992000000002
    },
    {
      "datetime": "2025-05-18 23:15:23",
      "side": "Sell",
      "price": 176.04,
      "size": 154.8,
      "dollar_value": 27250.992000000002
    },
    {
      "datetime": "2025-05-18 23:15:23",
      "side": "Sell",
      "price": 176.04,
      "size": 154.8,
      "dollar_value": 27250.992000000002
    },
    {
      "datetime": "2025-05-18 23:15:23",
      "side": "Sell",
      "price": 176.04,
      "size": 154.8,
      "dollar_value": 27250.992000000002
    },
    {
      "datetime": "2025-05-18 23:15:23",
      "side": "Sell",
      "price": 176.04,
      "size": 154.8,
      "dollar_value": 27250.992000000002
    },
    {
      "datetime": "2025-05-18 23:15:23",
      "side": "Sell",
      "price": 176.04,
      "size": 154.8,
      "dollar_value": 27250.992000000002
    },
    {
      "datetime": "2025-05-18 23:15:23",
      "side": "Sell",
      "price": 176.04,
      "size": 154.8,
      "dollar_value": 27250.992000000002
    },
    {
      "datetime": "2025-05-18 23:15:23",
      "side": "Sell",
      "price": 176.04,
      "size": 154.8,
      "dollar_value": 27250.992000000002
    },
    {
      "datetime": "2025-05-18 23:15:23",
      "side": "Sell",
      "price": 176.04,
      "size": 154.8,
      "dollar_value": 27250.992000000002
    },
    {
      "datetime": "2025-05-18 23:15:23",
      "side": "Sell",
      "price": 176.04,
      "size": 154.8,
      "dollar_value": 27250.992000000002
    },
    {
      "datetime": "2025-05-18 23:15:23",
      "side": "Sell",
      "price": 176.04,
      "size": 154.8,
      "dollar_value": 27250.992000000002
    },
    {
      "datetime": "2025-05-18 23:15:23",
      "side": "Sell",
      "price": 176.04,
      "size": 154.8,
      "dollar_value": 27250.992000000002
    },
    {
      "datetime": "2025-05-18 23:15:23",
      "side": "Sell",
      "price": 176.04,
      "size": 154.8,
      "dollar_value": 27250.992000000002
    },
    {
      "datetime": "2025-05-18 23:15:23",
      "side": "Sell",
      "price": 176.04,
      "size": 154.8,
      "dollar_value": 27250.992000000002
    },
    {
      "datetime": "2025-05-18 23:15:23",
      "side": "Sell",
      "price": 176.04,
      "size": 154.8,
      "dollar_value": 27250.992000000002
    },
    {
      "datetime": "2025-05-18 23:15:23",
      "side": "Sell",
      "price": 176.04,
      "size": 154.8,
      "dollar_value": 27250.992000000002
    },
    {
      "datetime": "2025-05-18 23:15:23",
      "side": "Sell",
      "price": 176.04,
      "size": 154.8,
      "dollar_value": 27250.992000000002
    },
    {
      "datetime": "2025-05-18 23:15:23",
      "side": "Sell",
      "price": 176.04,
      "size": 154.8,
      "dollar_value": 27250.992000000002
    },
    {
      "datetime": "2025-05-18 23:15:23",
      "side": "Sell",
      "price": 176.04,
      "size": 154.8,
      "dollar_value": 27250.992000000002
    },
    {
      "datetime": "2025-05-18 23:15:23",
      "side": "Sell",
      "price": 176.04,
      "size": 154.8,
      "dollar_value": 27250.992000000002
    },
    {
      "datetime": "2025-05-18 23:15:23",
      "side": "Sell",
      "price": 176.04,
      "size": 154.8,
      "dollar_value": 27250.992000000002
    },
    {
      "datetime": "2025-05-18 23:15:23",
      "side": "Sell",
      "price": 176.04,
      "size": 154.8,
      "dollar_value": 27250.992000000002
    },
    {
      "datetime": "2025-05-18 23:15:23",
      "side": "Sell",
      "price": 176.04,
      "size": 154.8,
      "dollar_value": 27250.992000000002
    },
    {
      "datetime": "2025-05-18 23:15:23",
      "side": "Sell",
      "price": 176.04,
      "size": 154.8,
      "dollar_value": 27250.992000000002
    },
    {
      "datetime": "2025-05-18 23:15:23",
      "side": "Sell",
      "price": 176.04,
      "size": 154.8,
      "dollar_value": 27250.992000000002
    },
    {
      "datetime": "2025-05-18 23:15:23",
      "side": "Sell",
      "price": 176.04,
      "size": 154.8,
      "dollar_value": 27250.992000000002
    },
    {
      "datetime": "2025-05-18 23:15:23",
      "side": "Sell",
      "price": 176.04,
      "size": 154.8,
      "dollar_value": 27250.992000000002
    },
    {
      "datetime": "2025-05-18 23:15:23",
      "side": "Sell",
      "price": 176.04,
      "size": 154.8,
      "dollar_value": 27250.992000000002
    },
    {
      "datetime": "2025-05-18 23:15:23",
      "side": "Sell",
      "price": 176.04,
      "size": 154.8,
      "dollar_value": 27250.992000000002
    },
    {
      "datetime": "2025-05-18 23:15:23",
      "side": "Sell",
      "price": 176.04,
      "size": 154.8,
      "dollar_value": 27250.992000000002
    },
    {
      "datetime": "2025-05-18 23:15:23",
      "side": "Sell",
      "price": 176.04,
      "size": 154.8,
      "dollar_value": 27250.992000000002
    },
    {
      "datetime": "2025-05-18 23:15:23",
      "side": "Sell",
      "price": 176.04,
      "size": 154.8,
      "dollar_value": 27250.992000000002
    },
    {
      "datetime": "2025-05-18 23:15:23",
      "side": "Sell",
      "price": 176.04,
      "size": 154.8,
      "dollar_value": 27250.992000000002
    },
    {
      "datetime": "2025-05-18 23:15:23",
      "side": "Sell",
      "price": 176.04,
      "size": 154.8,
      "dollar_value": 27250.992000000002
    },
    {
      "datetime": "2025-05-18 23:15:23",
      "side": "Sell",
      "price": 176.04,
      "size": 154.8,
      "dollar_value": 27250.992000000002
    },
    {
      "datetime": "2025-05-18 23:15:23",
      "side": "Sell",
      "price": 176.04,
      "size": 154.8,
      "dollar_value": 27250.992000000002
    },
    {
      "datetime": "2025-05-18 23:15:23",
      "side": "Sell",
      "price": 176.04,
      "size": 154.8,
      "dollar_value": 27250.992000000002
    },
    {
      "datetime": "2025-05-18 23:15:23",
      "side": "Sell",
      "price": 176.04,
      "size": 154.8,
      "dollar_value": 27250.992000000002
    },
    {
      "datetime": "2025-05-18 23:15:23",
      "side": "Sell",
      "price": 176.04,
      "size": 154.8,
      "dollar_value": 27250.992000000002
    },
    {
      "datetime": "2025-05-18 23:15:23",
      "side": "Sell",
      "price": 176.04,
      "size": 154.8,
      "dollar_value": 27250.992000000002
    },
    {
      "datetime": "2025-05-18 23:15:23",
      "side": "Sell",
      "price": 176.04,
      "size": 154.8,
      "dollar_value": 27250.992000000002
    },
    {
      "datetime": "2025-05-18 23:15:23",
      "side": "Sell",
      "price": 176.04,
      "size": 154.8,
      "dollar_value": 27250.992000000002
    },
    {
      "datetime": "2025-05-18 23:15:23",
      "side": "Sell",
      "price": 176.04,
      "size": 154.8,
      "dollar_value": 27250.992000000002
    },
    {
      "datetime": "2025-05-18 23:15:23",
      "side": "Sell",
      "price": 176.04,
      "size": 154.8,
      "dollar_value": 27250.992000000002
    },
    {
      "datetime": "2025-05-18 23:15:23",
      "side": "Sell",
      "price": 176.04,
      "size": 154.8,
      "dollar_value": 27250.992000000002
    },
    {
      "datetime": "2025-05-18 23:15:23",
      "side": "Sell",
      "price": 176.04,
      "size": 154.8,
      "dollar_value": 27250.992000000002
    },
    {
      "datetime": "2025-05-18 23:15:23",
      "side": "Sell",
      "price": 176.04,
      "size": 154.8,
      "dollar_value": 27250.992000000002
    },
    {
      "datetime": "2025-05-18 23:15:23",
      "side": "Sell",
      "price": 176.04,
      "size": 154.8,
      "dollar_value": 27250.992000000002
    },
    {
      "datetime": "2025-05-18 23:15:23",
      "side": "Sell",
      "price": 176.04,
      "size": 154.8,
      "dollar_value": 27250.992000000002
    },
    {
      "datetime": "2025-05-18 23:15:23",
      "side": "Sell",
      "price": 176.04,
      "size": 154.8,
      "dollar_value": 27250.992000000002
    },
    {
      "datetime": "2025-05-18 23:15:23",
      "side": "Sell",
      "price": 176.04,
      "size": 154.8,
      "dollar_value": 27250.992000000002
    },
    {
      "datetime": "2025-05-18 23:15:23",
      "side": "Sell",
      "price": 176.04,
      "size": 154.8,
      "dollar_value": 27250.992000000002
    },
    {
      "datetime": "2025-05-18 23:15:23",
      "side": "Sell",
      "price": 176.04,
      "size": 154.8,
      "dollar_value": 27250.992000000002
    },
    {
      "datetime": "2025-05-18 23:15:23",
      "side": "Sell",
      "price": 176.04,
      "size": 154.8,
      "dollar_value": 27250.992000000002
    },
    {
      "datetime": "2025-05-18 23:15:23",
      "side": "Sell",
      "price": 176.04,
      "size": 154.8,
      "dollar_value": 27250.992000000002
    },
    {
      "datetime": "2025-05-18 23:15:23",
      "side": "Sell",
      "price": 176.04,
      "size": 154.8,
      "dollar_value": 27250.992000000002
    },
    {
      "datetime": "2025-05-18 23:15:23",
      "side": "Sell",
      "price": 176.04,
      "size": 154.8,
      "dollar_value": 27250.992000000002
    },
    {
      "datetime": "2025-05-18 23:15:23",
      "side": "Sell",
      "price": 176.04,
      "size": 154.8,
      "dollar_value": 27250.992000000002
    },
    {
      "datetime": "2025-05-18 23:15:23",
      "side": "Sell",
      "price": 176.04,
      "size": 154.8,
      "dollar_value": 27250.992000000002
    },
    {
      "datetime": "2025-05-18 23:15:23",
      "side": "Sell",
      "price": 176.04,
      "size": 154.8,
      "dollar_value": 27250.992000000002
    },
    {
      "datetime": "2025-05-18 23:15:23",
      "side": "Sell",
      "price": 176.04,
      "size": 154.8,
      "dollar_value": 27250.992000000002
    },
    {
      "datetime": "2025-05-18 23:15:23",
      "side": "Sell",
      "price": 176.04,
      "size": 154.8,
      "dollar_value": 27250.992000000002
    },
    {
      "datetime": "2025-05-18 23:15:23",
      "side": "Sell",
      "price": 176.04,
      "size": 154.8,
      "dollar_value": 27250.992000000002
    },
    {
      "datetime": "2025-05-18 23:15:23",
      "side": "Sell",
      "price": 176.04,
      "size": 154.8,
      "dollar_value": 27250.992000000002
    },
    {
      "datetime": "2025-05-18 23:15:23",
      "side": "Sell",
      "price": 176.04,
      "size": 154.8,
      "dollar_value": 27250.992000000002
    },
    {
      "datetime": "2025-05-18 23:15:23",
      "side": "Sell",
      "price": 176.04,
      "size": 154.8,
      "dollar_value": 27250.992000000002
    },
    {
      "datetime": "2025-05-18 23:15:23",
      "side": "Sell",
      "price": 176.04,
      "size": 154.8,
      "dollar_value": 27250.992000000002
    },
    {
      "datetime": "2025-05-18 23:15:23",
      "side": "Sell",
      "price": 176.04,
      "size": 154.8,
      "dollar_value": 27250.992000000002
    },
    {
      "datetime": "2025-05-18 23:15:23",
      "side": "Sell",
      "price": 176.04,
      "size": 154.8,
      "dollar_value": 27250.992000000002
    },
    {
      "datetime": "2025-05-18 23:15:23",
      "side": "Sell",
      "price": 176.04,
      "size": 154.8,
      "dollar_value": 27250.992000000002
    },
    {
      "datetime": "2025-05-18 23:15:23",
      "side": "Sell",
      "price": 176.04,
      "size": 154.8,
      "dollar_value": 27250.992000000002
    },
    {
      "datetime": "2025-05-18 23:15:23",
      "side": "Sell",
      "price": 176.04,
      "size": 154.8,
      "dollar_value": 27250.992000000002
    },
    {
      "datetime": "2025-05-18 23:15:23",
      "side": "Sell",
      "price": 176.04,
      "size": 154.8,
      "dollar_value": 27250.992000000002
    },
    {
      "datetime": "2025-05-18 23:15:23",
      "side": "Sell",
      "price": 176.04,
      "size": 154.8,
      "dollar_value": 27250.992000000002
    },
    {
      "datetime": "2025-05-18 23:15:23",
      "side": "Sell",
      "price": 176.04,
      "size": 154.8,
      "dollar_value": 27250.992000000002
    },
    {
      "datetime": "2025-05-18 23:15:23",
      "side": "Sell",
      "price": 176.04,
      "size": 154.8,
      "dollar_value": 27250.992000000002
    },
    {
      "datetime": "2025-05-18 23:15:23",
      "side": "Sell",
      "price": 176.04,
      "size": 154.8,
      "dollar_value": 27250.992000000002
    },
    {
      "datetime": "2025-05-18 23:15:23",
      "side": "Sell",
      "price": 176.04,
      "size": 154.8,
      "dollar_value": 27250.992000000002
    },
    {
      "datetime": "2025-05-18 23:15:23",
      "side": "Sell",
      "price": 176.04,
      "size": 154.8,
      "dollar_value": 27250.992000000002
    },
    {
      "datetime": "2025-05-18 23:15:23",
      "side": "Sell",
      "price": 176.04,
      "size": 154.8,
      "dollar_value": 27250.992000000002
    },
    {
      "datetime": "2025-05-18 23:15:23",
      "side": "Sell",
      "price": 176.04,
      "size": 154.8,
      "dollar_value": 27250.992000000002
    },
    {
      "datetime": "2025-05-18 23:12:47",
      "side": "Sell",
      "price": 176.35,
      "size": 224.1,
      "dollar_value": 39520.034999999996
    },
    {
      "datetime": "2025-05-18 23:12:46",
      "side": "Sell",
      "price": 176.37,
      "size": 312.3,
      "dollar_value": 55080.351
    },
    {
      "datetime": "2025-05-18 23:12:46",
      "side": "Sell",
      "price": 176.37,
      "size": 312.3,
      "dollar_value": 55080.351
    },
    {
      "datetime": "2025-05-18 23:12:46",
      "side": "Sell",
      "price": 176.37,
      "size": 312.3,
      "dollar_value": 55080.351
    },
    {
      "datetime": "2025-05-18 23:09:50",
      "side": "Buy",
      "price": 175.94,
      "size": 549.1,
      "dollar_value": 96608.65400000001
    },
    {
      "datetime": "2025-05-18 23:07:35",
      "side": "Buy",
      "price": 176.08,
      "size": 193.8,
      "dollar_value": 34124.304000000004
    },
    {
      "datetime": "2025-05-18 23:07:35",
      "side": "Buy",
      "price": 176.08,
      "size": 193.8,
      "dollar_value": 34124.304000000004
    },
    {
      "datetime": "2025-05-18 23:07:35",
      "side": "Buy",
      "price": 176.08,
      "size": 193.8,
      "dollar_value": 34124.304000000004
    },
    {
      "datetime": "2025-05-18 23:07:10",
      "side": "Sell",
      "price": 176.0,
      "size": 234.6,
      "dollar_value": 41289.6
    },
    {
      "datetime": "2025-05-18 23:07:02",
      "side": "Buy",
      "price": 176.0,
      "size": 207.7,
      "dollar_value": 36555.2
    },
    {
      "datetime": "2025-05-18 23:07:02",
      "side": "Buy",
      "price": 176.0,
      "size": 167.1,
      "dollar_value": 29409.6
    },
    {
      "datetime": "2025-05-18 23:07:02",
      "side": "Buy",
      "price": 176.0,
      "size": 582.3,
      "dollar_value": 102484.79999999999
    },
    {
      "datetime": "2025-05-18 23:07:02",
      "side": "Buy",
      "price": 176.0,
      "size": 582.3,
      "dollar_value": 102484.79999999999
    },
    {
      "datetime": "2025-05-18 23:07:02",
      "side": "Buy",
      "price": 176.0,
      "size": 757.3,
      "dollar_value": 133284.8
    },
    {
      "datetime": "2025-05-18 23:05:59",
      "side": "Sell",
      "price": 175.98,
      "size": 229.3,
      "dollar_value": 40352.214
    },
    {
      "datetime": "2025-05-18 23:05:59",
      "side": "Sell",
      "price": 175.98,
      "size": 229.3,
      "dollar_value": 40352.214
    },
    {
      "datetime": "2025-05-18 23:05:59",
      "side": "Sell",
      "price": 175.98,
      "size": 229.3,
      "dollar_value": 40352.214
    },
    {
      "datetime": "2025-05-18 23:05:59",
      "side": "Sell",
      "price": 175.98,
      "size": 229.3,
      "dollar_value": 40352.214
    },
    {
      "datetime": "2025-05-18 23:05:59",
      "side": "Sell",
      "price": 175.98,
      "size": 229.3,
      "dollar_value": 40352.214
    },
    {
      "datetime": "2025-05-18 23:05:59",
      "side": "Sell",
      "price": 175.98,
      "size": 229.3,
      "dollar_value": 40352.214
    },
    {
      "datetime": "2025-05-18 23:05:59",
      "side": "Sell",
      "price": 175.98,
      "size": 229.3,
      "dollar_value": 40352.214
    },
    {
      "datetime": "2025-05-18 23:05:59",
      "side": "Sell",
      "price": 175.98,
      "size": 229.3,
      "dollar_value": 40352.214
    },
    {
      "datetime": "2025-05-18 23:05:59",
      "side": "Sell",
      "price": 175.98,
      "size": 229.3,
      "dollar_value": 40352.214
    },
    {
      "datetime": "2025-05-18 23:05:59",
      "side": "Sell",
      "price": 175.98,
      "size": 229.3,
      "dollar_value": 40352.214
    },
    {
      "datetime": "2025-05-18 23:05:59",
      "side": "Sell",
      "price": 175.98,
      "size": 229.3,
      "dollar_value": 40352.214
    },
    {
      "datetime": "2025-05-18 23:05:59",
      "side": "Sell",
      "price": 175.98,
      "size": 229.3,
      "dollar_value": 40352.214
    },
    {
      "datetime": "2025-05-18 23:05:59",
      "side": "Sell",
      "price": 175.98,
      "size": 229.3,
      "dollar_value": 40352.214
    },
    {
      "datetime": "2025-05-18 23:05:59",
      "side": "Sell",
      "price": 175.98,
      "size": 229.3,
      "dollar_value": 40352.214
    },
    {
      "datetime": "2025-05-18 23:05:19",
      "side": "Sell",
      "price": 176.0,
      "size": 176.3,
      "dollar_value": 31028.800000000003
    },
    {
      "datetime": "2025-05-18 23:04:25",
      "side": "Sell",
      "price": 176.3,
      "size": 229.3,
      "dollar_value": 40425.590000000004
    },
    {
      "datetime": "2025-05-18 23:04:25",
      "side": "Sell",
      "price": 176.3,
      "size": 229.3,
      "dollar_value": 40425.590000000004
    },
    {
      "datetime": "2025-05-18 23:04:25",
      "side": "Sell",
      "price": 176.3,
      "size": 229.3,
      "dollar_value": 40425.590000000004
    },
    {
      "datetime": "2025-05-18 23:04:25",
      "side": "Sell",
      "price": 176.3,
      "size": 229.3,
      "dollar_value": 40425.590000000004
    },
    {
      "datetime": "2025-05-18 23:04:25",
      "side": "Sell",
      "price": 176.3,
      "size": 229.3,
      "dollar_value": 40425.590000000004
    },
    {
      "datetime": "2025-05-18 23:04:25",
      "side": "Sell",
      "price": 176.3,
      "size": 229.3,
      "dollar_value": 40425.590000000004
    },
    {
      "datetime": "2025-05-18 23:04:25",
      "side": "Sell",
      "price": 176.3,
      "size": 229.3,
      "dollar_value": 40425.590000000004
    },
    {
      "datetime": "2025-05-18 23:04:25",
      "side": "Sell",
      "price": 176.3,
      "size": 229.3,
      "dollar_value": 40425.590000000004
    },
    {
      "datetime": "2025-05-18 23:04:25",
      "side": "Sell",
      "price": 176.3,
      "size": 229.3,
      "dollar_value": 40425.590000000004
    },
    {
      "datetime": "2025-05-18 23:04:25",
      "side": "Sell",
      "price": 176.3,
      "size": 229.3,
      "dollar_value": 40425.590000000004
    },
    {
      "datetime": "2025-05-18 23:04:25",
      "side": "Sell",
      "price": 176.3,
      "size": 229.3,
      "dollar_value": 40425.590000000004
    },
    {
      "datetime": "2025-05-18 23:04:25",
      "side": "Sell",
      "price": 176.3,
      "size": 229.3,
      "dollar_value": 40425.590000000004
    },
    {
      "datetime": "2025-05-18 23:04:25",
      "side": "Sell",
      "price": 176.3,
      "size": 229.3,
      "dollar_value": 40425.590000000004
    },
    {
      "datetime": "2025-05-18 23:04:25",
      "side": "Sell",
      "price": 176.3,
      "size": 229.3,
      "dollar_value": 40425.590000000004
    },
    {
      "datetime": "2025-05-18 23:04:25",
      "side": "Sell",
      "price": 176.3,
      "size": 229.3,
      "dollar_value": 40425.590000000004
    },
    {
      "datetime": "2025-05-18 23:04:25",
      "side": "Sell",
      "price": 176.3,
      "size": 229.3,
      "dollar_value": 40425.590000000004
    },
    {
      "datetime": "2025-05-18 23:03:09",
      "side": "Sell",
      "price": 176.04,
      "size": 242.8,
      "dollar_value": 42742.512
    },
    {
      "datetime": "2025-05-18 23:02:06",
      "side": "Sell",
      "price": 176.5,
      "size": 156.6,
      "dollar_value": 27639.899999999998
    },
    {
      "datetime": "2025-05-18 23:02:06",
      "side": "Sell",
      "price": 176.5,
      "size": 156.6,
      "dollar_value": 27639.899999999998
    },
    {
      "datetime": "2025-05-18 23:02:06",
      "side": "Sell",
      "price": 176.5,
      "size": 156.6,
      "dollar_value": 27639.899999999998
    },
    {
      "datetime": "2025-05-18 23:02:06",
      "side": "Sell",
      "price": 176.5,
      "size": 156.6,
      "dollar_value": 27639.899999999998
    },
    {
      "datetime": "2025-05-18 23:01:37",
      "side": "Buy",
      "price": 176.58,
      "size": 264.7,
      "dollar_value": 46740.726
    },
    {
      "datetime": "2025-05-18 23:01:37",
      "side": "Buy",
      "price": 176.58,
      "size": 264.7,
      "dollar_value": 46740.726
    },
    {
      "datetime": "2025-05-18 23:01:20",
      "side": "Sell",
      "price": 176.63,
      "size": 368.5,
      "dollar_value": 65088.155
    },
    {
      "datetime": "2025-05-18 23:01:05",
      "side": "Buy",
      "price": 176.66,
      "size": 186.3,
      "dollar_value": 32911.758
    },
    {
      "datetime": "2025-05-18 23:01:05",
      "side": "Buy",
      "price": 176.66,
      "size": 186.3,
      "dollar_value": 32911.758
    },
    {
      "datetime": "2025-05-18 23:01:05",
      "side": "Buy",
      "price": 176.66,
      "size": 186.3,
      "dollar_value": 32911.758
    },
    {
      "datetime": "2025-05-18 23:01:05",
      "side": "Buy",
      "price": 176.66,
      "size": 186.3,
      "dollar_value": 32911.758
    },
    {
      "datetime": "2025-05-18 23:01:05",
      "side": "Buy",
      "price": 176.66,
      "size": 186.3,
      "dollar_value": 32911.758
    },
    {
      "datetime": "2025-05-18 23:01:05",
      "side": "Buy",
      "price": 176.66,
      "size": 186.3,
      "dollar_value": 32911.758
    },
    {
      "datetime": "2025-05-18 23:01:05",
      "side": "Buy",
      "price": 176.66,
      "size": 186.3,
      "dollar_value": 32911.758
    },
    {
      "datetime": "2025-05-18 23:01:05",
      "side": "Buy",
      "price": 176.66,
      "size": 186.3,
      "dollar_value": 32911.758
    },
    {
      "datetime": "2025-05-18 23:01:05",
      "side": "Buy",
      "price": 176.66,
      "size": 186.3,
      "dollar_value": 32911.758
    },
    {
      "datetime": "2025-05-18 23:01:05",
      "side": "Buy",
      "price": 176.66,
      "size": 186.3,
      "dollar_value": 32911.758
    },
    {
      "datetime": "2025-05-18 23:01:05",
      "side": "Buy",
      "price": 176.66,
      "size": 186.3,
      "dollar_value": 32911.758
    },
    {
      "datetime": "2025-05-18 23:01:05",
      "side": "Buy",
      "price": 176.66,
      "size": 186.3,
      "dollar_value": 32911.758
    },
    {
      "datetime": "2025-05-18 23:01:05",
      "side": "Buy",
      "price": 176.66,
      "size": 186.3,
      "dollar_value": 32911.758
    },
    {
      "datetime": "2025-05-18 23:01:05",
      "side": "Buy",
      "price": 176.66,
      "size": 186.3,
      "dollar_value": 32911.758
    },
    {
      "datetime": "2025-05-18 23:01:05",
      "side": "Buy",
      "price": 176.66,
      "size": 186.3,
      "dollar_value": 32911.758
    },
    {
      "datetime": "2025-05-18 23:01:05",
      "side": "Buy",
      "price": 176.66,
      "size": 186.3,
      "dollar_value": 32911.758
    },
    {
      "datetime": "2025-05-18 23:01:05",
      "side": "Buy",
      "price": 176.66,
      "size": 186.3,
      "dollar_value": 32911.758
    },
    {
      "datetime": "2025-05-18 23:01:05",
      "side": "Buy",
      "price": 176.66,
      "size": 186.3,
      "dollar_value": 32911.758
    }
  ],
  "DOGEUSDT": [
    {
      "datetime": "2025-05-18 23:29:20",
      "side": "Sell",
      "price": 0.23429,
      "size": 150056.0,
      "dollar_value": 35156.62024
    },
    {
      "datetime": "2025-05-18 23:29:20",
      "side": "Sell",
      "price": 0.23429,
      "size": 150056.0,
      "dollar_value": 35156.62024
    },
    {
      "datetime": "2025-05-18 23:28:14",
      "side": "Buy",
      "price": 0.23404,
      "size": 123280.0,
      "dollar_value": 28852.4512
    },
    {
      "datetime": "2025-05-18 23:28:14",
      "side": "Buy",
      "price": 0.23404,
      "size": 123280.0,
      "dollar_value": 28852.4512
    },
    {
      "datetime": "2025-05-18 23:27:59",
      "side": "Sell",
      "price": 0.23406,
      "size": 108522.0,
      "dollar_value": 25400.65932
    },
    {
      "datetime": "2025-05-18 23:26:55",
      "side": "Buy",
      "price": 0.23439,
      "size": 180000.0,
      "dollar_value": 42190.2
    },
    {
      "datetime": "2025-05-18 23:26:55",
      "side": "Buy",
      "price": 0.23439,
      "size": 180000.0,
      "dollar_value": 42190.2
    },
    {
      "datetime": "2025-05-18 23:26:54",
      "side": "Buy",
      "price": 0.23432,
      "size": 107308.0,
      "dollar_value": 25144.41056
    },
    {
      "datetime": "2025-05-18 23:26:44",
      "side": "Buy",
      "price": 0.23418,
      "size": 203290.0,
      "dollar_value": 47606.4522
    },
    {
      "datetime": "2025-05-18 23:25:07",
      "side": "Sell",
      "price": 0.23365,
      "size": 111841.0,
      "dollar_value": 26131.64965
    },
    {
      "datetime": "2025-05-18 23:24:41",
      "side": "Sell",
      "price": 0.23355,
      "size": 840385.0,
      "dollar_value": 196271.91675
    },
    {
      "datetime": "2025-05-18 23:24:41",
      "side": "Sell",
      "price": 0.23355,
      "size": 840385.0,
      "dollar_value": 196271.91675
    },
    {
      "datetime": "2025-05-18 23:24:38",
      "side": "Buy",
      "price": 0.23347,
      "size": 182868.0,
      "dollar_value": 42694.191960000004
    },
    {
      "datetime": "2025-05-18 23:24:38",
      "side": "Buy",
      "price": 0.23347,
      "size": 182868.0,
      "dollar_value": 42694.191960000004
    },
    {
      "datetime": "2025-05-18 23:24:38",
      "side": "Buy",
      "price": 0.23347,
      "size": 182868.0,
      "dollar_value": 42694.191960000004
    },
    {
      "datetime": "2025-05-18 23:24:38",
      "side": "Buy",
      "price": 0.23347,
      "size": 182868.0,
      "dollar_value": 42694.191960000004
    },
    {
      "datetime": "2025-05-18 23:24:19",
      "side": "Sell",
      "price": 0.23335,
      "size": 160230.0,
      "dollar_value": 37389.6705
    },
    {
      "datetime": "2025-05-18 23:24:15",
      "side": "Sell",
      "price": 0.23342,
      "size": 217304.0,
      "dollar_value": 50723.09968
    },
    {
      "datetime": "2025-05-18 23:24:15",
      "side": "Sell",
      "price": 0.23342,
      "size": 217304.0,
      "dollar_value": 50723.09968
    },
    {
      "datetime": "2025-05-18 23:23:28",
      "side": "Buy",
      "price": 0.23391,
      "size": 161618.0,
      "dollar_value": 37804.066380000004
    },
    {
      "datetime": "2025-05-18 23:23:28",
      "side": "Buy",
      "price": 0.23391,
      "size": 161618.0,
      "dollar_value": 37804.066380000004
    },
    {
      "datetime": "2025-05-18 23:23:25",
      "side": "Buy",
      "price": 0.23384,
      "size": 141267.0,
      "dollar_value": 33033.87528
    },
    {
      "datetime": "2025-05-18 23:23:23",
      "side": "Buy",
      "price": 0.2338,
      "size": 157587.0,
      "dollar_value": 36843.8406
    },
    {
      "datetime": "2025-05-18 23:23:23",
      "side": "Buy",
      "price": 0.2338,
      "size": 157587.0,
      "dollar_value": 36843.8406
    },
    {
      "datetime": "2025-05-18 23:23:23",
      "side": "Buy",
      "price": 0.2338,
      "size": 157587.0,
      "dollar_value": 36843.8406
    },
    {
      "datetime": "2025-05-18 23:23:23",
      "side": "Buy",
      "price": 0.23379,
      "size": 145686.0,
      "dollar_value": 34059.92994
    },
    {
      "datetime": "2025-05-18 23:23:23",
      "side": "Buy",
      "price": 0.23379,
      "size": 145686.0,
      "dollar_value": 34059.92994
    },
    {
      "datetime": "2025-05-18 23:23:23",
      "side": "Buy",
      "price": 0.23379,
      "size": 145686.0,
      "dollar_value": 34059.92994
    },
    {
      "datetime": "2025-05-18 23:23:23",
      "side": "Buy",
      "price": 0.23379,
      "size": 145686.0,
      "dollar_value": 34059.92994
    },
    {
      "datetime": "2025-05-18 23:23:23",
      "side": "Buy",
      "price": 0.23379,
      "size": 145686.0,
      "dollar_value": 34059.92994
    },
    {
      "datetime": "2025-05-18 23:23:10",
      "side": "Buy",
      "price": 0.23389,
      "size": 111617.0,
      "dollar_value": 26106.10013
    },
    {
      "datetime": "2025-05-18 23:23:10",
      "side": "Buy",
      "price": 0.23389,
      "size": 111617.0,
      "dollar_value": 26106.10013
    },
    {
      "datetime": "2025-05-18 23:23:10",
      "side": "Buy",
      "price": 0.23389,
      "size": 111617.0,
      "dollar_value": 26106.10013
    },
    {
      "datetime": "2025-05-18 23:22:36",
      "side": "Buy",
      "price": 0.23436,
      "size": 178688.0,
      "dollar_value": 41877.31968
    },
    {
      "datetime": "2025-05-18 23:22:36",
      "side": "Buy",
      "price": 0.23436,
      "size": 178688.0,
      "dollar_value": 41877.31968
    },
    {
      "datetime": "2025-05-18 23:22:36",
      "side": "Buy",
      "price": 0.23436,
      "size": 178688.0,
      "dollar_value": 41877.31968
    },
    {
      "datetime": "2025-05-18 23:22:34",
      "side": "Sell",
      "price": 0.2343,
      "size": 131994.0,
      "dollar_value": 30926.1942
    },
    {
      "datetime": "2025-05-18 23:22:34",
      "side": "Sell",
      "price": 0.2343,
      "size": 131994.0,
      "dollar_value": 30926.1942
    },
    {
      "datetime": "2025-05-18 23:22:34",
      "side": "Sell",
      "price": 0.2343,
      "size": 131994.0,
      "dollar_value": 30926.1942
    },
    {
      "datetime": "2025-05-18 23:22:34",
      "side": "Sell",
      "price": 0.2343,
      "size": 131994.0,
      "dollar_value": 30926.1942
    },
    {
      "datetime": "2025-05-18 23:22:34",
      "side": "Sell",
      "price": 0.2343,
      "size": 131994.0,
      "dollar_value": 30926.1942
    },
    {
      "datetime": "2025-05-18 23:22:34",
      "side": "Sell",
      "price": 0.2343,
      "size": 131994.0,
      "dollar_value": 30926.1942
    },
    {
      "datetime": "2025-05-18 23:22:34",
      "side": "Sell",
      "price": 0.2343,
      "size": 131994.0,
      "dollar_value": 30926.1942
    },
    {
      "datetime": "2025-05-18 23:22:34",
      "side": "Sell",
      "price": 0.2343,
      "size": 131994.0,
      "dollar_value": 30926.1942
    },
    {
      "datetime": "2025-05-18 23:22:34",
      "side": "Sell",
      "price": 0.2343,
      "size": 131994.0,
      "dollar_value": 30926.1942
    },
    {
      "datetime": "2025-05-18 23:22:34",
      "side": "Sell",
      "price": 0.2343,
      "size": 131994.0,
      "dollar_value": 30926.1942
    },
    {
      "datetime": "2025-05-18 23:22:34",
      "side": "Sell",
      "price": 0.2343,
      "size": 131994.0,
      "dollar_value": 30926.1942
    },
    {
      "datetime": "2025-05-18 23:22:34",
      "side": "Sell",
      "price": 0.2343,
      "size": 131994.0,
      "dollar_value": 30926.1942
    },
    {
      "datetime": "2025-05-18 23:22:34",
      "side": "Sell",
      "price": 0.2343,
      "size": 131994.0,
      "dollar_value": 30926.1942
    },
    {
      "datetime": "2025-05-18 23:22:34",
      "side": "Sell",
      "price": 0.2343,
      "size": 131994.0,
      "dollar_value": 30926.1942
    },
    {
      "datetime": "2025-05-18 23:22:34",
      "side": "Sell",
      "price": 0.2343,
      "size": 131994.0,
      "dollar_value": 30926.1942
    },
    {
      "datetime": "2025-05-18 23:22:34",
      "side": "Sell",
      "price": 0.2343,
      "size": 131994.0,
      "dollar_value": 30926.1942
    },
    {
      "datetime": "2025-05-18 23:22:34",
      "side": "Sell",
      "price": 0.2343,
      "size": 131994.0,
      "dollar_value": 30926.1942
    },
    {
      "datetime": "2025-05-18 23:22:34",
      "side": "Sell",
      "price": 0.2343,
      "size": 131994.0,
      "dollar_value": 30926.1942
    },
    {
      "datetime": "2025-05-18 23:22:34",
      "side": "Sell",
      "price": 0.2343,
      "size": 131994.0,
      "dollar_value": 30926.1942
    },
    {
      "datetime": "2025-05-18 23:22:34",
      "side": "Sell",
      "price": 0.2343,
      "size": 131994.0,
      "dollar_value": 30926.1942
    },
    {
      "datetime": "2025-05-18 23:22:34",
      "side": "Sell",
      "price": 0.2343,
      "size": 131994.0,
      "dollar_value": 30926.1942
    },
    {
      "datetime": "2025-05-18 23:22:34",
      "side": "Sell",
      "price": 0.2343,
      "size": 131994.0,
      "dollar_value": 30926.1942
    },
    {
      "datetime": "2025-05-18 23:22:34",
      "side": "Sell",
      "price": 0.2343,
      "size": 131994.0,
      "dollar_value": 30926.1942
    },
    {
      "datetime": "2025-05-18 23:22:34",
      "side": "Sell",
      "price": 0.2343,
      "size": 131994.0,
      "dollar_value": 30926.1942
    },
    {
      "datetime": "2025-05-18 23:22:34",
      "side": "Sell",
      "price": 0.2343,
      "size": 131994.0,
      "dollar_value": 30926.1942
    },
    {
      "datetime": "2025-05-18 23:22:34",
      "side": "Sell",
      "price": 0.2343,
      "size": 131994.0,
      "dollar_value": 30926.1942
    },
    {
      "datetime": "2025-05-18 23:22:34",
      "side": "Sell",
      "price": 0.2343,
      "size": 131994.0,
      "dollar_value": 30926.1942
    },
    {
      "datetime": "2025-05-18 23:22:34",
      "side": "Sell",
      "price": 0.2343,
      "size": 131994.0,
      "dollar_value": 30926.1942
    },
    {
      "datetime": "2025-05-18 23:22:34",
      "side": "Sell",
      "price": 0.2343,
      "size": 131994.0,
      "dollar_value": 30926.1942
    },
    {
      "datetime": "2025-05-18 23:22:34",
      "side": "Sell",
      "price": 0.2343,
      "size": 131994.0,
      "dollar_value": 30926.1942
    },
    {
      "datetime": "2025-05-18 23:22:34",
      "side": "Sell",
      "price": 0.2343,
      "size": 131994.0,
      "dollar_value": 30926.1942
    },
    {
      "datetime": "2025-05-18 23:22:34",
      "side": "Sell",
      "price": 0.2343,
      "size": 131994.0,
      "dollar_value": 30926.1942
    },
    {
      "datetime": "2025-05-18 23:22:34",
      "side": "Sell",
      "price": 0.2343,
      "size": 131994.0,
      "dollar_value": 30926.1942
    },
    {
      "datetime": "2025-05-18 23:22:34",
      "side": "Sell",
      "price": 0.2343,
      "size": 131994.0,
      "dollar_value": 30926.1942
    },
    {
      "datetime": "2025-05-18 23:22:34",
      "side": "Sell",
      "price": 0.2343,
      "size": 131994.0,
      "dollar_value": 30926.1942
    },
    {
      "datetime": "2025-05-18 23:22:34",
      "side": "Sell",
      "price": 0.2343,
      "size": 131994.0,
      "dollar_value": 30926.1942
    },
    {
      "datetime": "2025-05-18 23:22:34",
      "side": "Sell",
      "price": 0.2343,
      "size": 131994.0,
      "dollar_value": 30926.1942
    },
    {
      "datetime": "2025-05-18 23:22:34",
      "side": "Sell",
      "price": 0.2343,
      "size": 131994.0,
      "dollar_value": 30926.1942
    },
    {
      "datetime": "2025-05-18 23:22:34",
      "side": "Sell",
      "price": 0.2343,
      "size": 131994.0,
      "dollar_value": 30926.1942
    },
    {
      "datetime": "2025-05-18 23:22:34",
      "side": "Sell",
      "price": 0.2343,
      "size": 131994.0,
      "dollar_value": 30926.1942
    },
    {
      "datetime": "2025-05-18 23:22:34",
      "side": "Sell",
      "price": 0.2343,
      "size": 131994.0,
      "dollar_value": 30926.1942
    },
    {
      "datetime": "2025-05-18 23:22:34",
      "side": "Sell",
      "price": 0.2343,
      "size": 131994.0,
      "dollar_value": 30926.1942
    },
    {
      "datetime": "2025-05-18 23:22:34",
      "side": "Sell",
      "price": 0.2343,
      "size": 131994.0,
      "dollar_value": 30926.1942
    },
    {
      "datetime": "2025-05-18 23:22:34",
      "side": "Sell",
      "price": 0.2343,
      "size": 131994.0,
      "dollar_value": 30926.1942
    },
    {
      "datetime": "2025-05-18 23:22:34",
      "side": "Sell",
      "price": 0.2343,
      "size": 131994.0,
      "dollar_value": 30926.1942
    },
    {
      "datetime": "2025-05-18 23:22:34",
      "side": "Sell",
      "price": 0.2343,
      "size": 131994.0,
      "dollar_value": 30926.1942
    },
    {
      "datetime": "2025-05-18 23:22:34",
      "side": "Sell",
      "price": 0.2343,
      "size": 131994.0,
      "dollar_value": 30926.1942
    },
    {
      "datetime": "2025-05-18 23:22:34",
      "side": "Sell",
      "price": 0.2343,
      "size": 131994.0,
      "dollar_value": 30926.1942
    },
    {
      "datetime": "2025-05-18 23:22:34",
      "side": "Sell",
      "price": 0.2343,
      "size": 131994.0,
      "dollar_value": 30926.1942
    },
    {
      "datetime": "2025-05-18 23:22:34",
      "side": "Sell",
      "price": 0.2343,
      "size": 131994.0,
      "dollar_value": 30926.1942
    },
    {
      "datetime": "2025-05-18 23:22:34",
      "side": "Sell",
      "price": 0.2343,
      "size": 131994.0,
      "dollar_value": 30926.1942
    },
    {
      "datetime": "2025-05-18 23:22:34",
      "side": "Sell",
      "price": 0.2343,
      "size": 131994.0,
      "dollar_value": 30926.1942
    },
    {
      "datetime": "2025-05-18 23:22:34",
      "side": "Sell",
      "price": 0.2343,
      "size": 131994.0,
      "dollar_value": 30926.1942
    },
    {
      "datetime": "2025-05-18 23:22:34",
      "side": "Sell",
      "price": 0.2343,
      "size": 131994.0,
      "dollar_value": 30926.1942
    },
    {
      "datetime": "2025-05-18 23:22:34",
      "side": "Sell",
      "price": 0.2343,
      "size": 131994.0,
      "dollar_value": 30926.1942
    },
    {
      "datetime": "2025-05-18 23:22:34",
      "side": "Sell",
      "price": 0.2343,
      "size": 131994.0,
      "dollar_value": 30926.1942
    },
    {
      "datetime": "2025-05-18 23:22:34",
      "side": "Sell",
      "price": 0.2343,
      "size": 131994.0,
      "dollar_value": 30926.1942
    },
    {
      "datetime": "2025-05-18 23:22:34",
      "side": "Sell",
      "price": 0.2343,
      "size": 131994.0,
      "dollar_value": 30926.1942
    },
    {
      "datetime": "2025-05-18 23:22:34",
      "side": "Sell",
      "price": 0.2343,
      "size": 131994.0,
      "dollar_value": 30926.1942
    },
    {
      "datetime": "2025-05-18 23:22:34",
      "side": "Sell",
      "price": 0.2343,
      "size": 131994.0,
      "dollar_value": 30926.1942
    },
    {
      "datetime": "2025-05-18 23:22:34",
      "side": "Sell",
      "price": 0.2343,
      "size": 131994.0,
      "dollar_value": 30926.1942
    },
    {
      "datetime": "2025-05-18 23:22:34",
      "side": "Sell",
      "price": 0.2343,
      "size": 131994.0,
      "dollar_value": 30926.1942
    },
    {
      "datetime": "2025-05-18 23:22:34",
      "side": "Sell",
      "price": 0.2343,
      "size": 131994.0,
      "dollar_value": 30926.1942
    },
    {
      "datetime": "2025-05-18 23:22:34",
      "side": "Sell",
      "price": 0.2343,
      "size": 131994.0,
      "dollar_value": 30926.1942
    },
    {
      "datetime": "2025-05-18 23:22:34",
      "side": "Sell",
      "price": 0.2343,
      "size": 131994.0,
      "dollar_value": 30926.1942
    },
    {
      "datetime": "2025-05-18 23:22:34",
      "side": "Sell",
      "price": 0.2343,
      "size": 131994.0,
      "dollar_value": 30926.1942
    },
    {
      "datetime": "2025-05-18 23:22:34",
      "side": "Sell",
      "price": 0.2343,
      "size": 131994.0,
      "dollar_value": 30926.1942
    },
    {
      "datetime": "2025-05-18 23:22:34",
      "side": "Sell",
      "price": 0.2343,
      "size": 131994.0,
      "dollar_value": 30926.1942
    },
    {
      "datetime": "2025-05-18 23:22:34",
      "side": "Sell",
      "price": 0.2343,
      "size": 131994.0,
      "dollar_value": 30926.1942
    },
    {
      "datetime": "2025-05-18 23:22:34",
      "side": "Sell",
      "price": 0.2343,
      "size": 131994.0,
      "dollar_value": 30926.1942
    },
    {
      "datetime": "2025-05-18 23:22:34",
      "side": "Sell",
      "price": 0.2343,
      "size": 131994.0,
      "dollar_value": 30926.1942
    },
    {
      "datetime": "2025-05-18 23:22:34",
      "side": "Sell",
      "price": 0.2343,
      "size": 131994.0,
      "dollar_value": 30926.1942
    },
    {
      "datetime": "2025-05-18 23:22:34",
      "side": "Sell",
      "price": 0.2343,
      "size": 131994.0,
      "dollar_value": 30926.1942
    },
    {
      "datetime": "2025-05-18 23:22:34",
      "side": "Sell",
      "price": 0.2343,
      "size": 131994.0,
      "dollar_value": 30926.1942
    },
    {
      "datetime": "2025-05-18 23:22:34",
      "side": "Sell",
      "price": 0.2343,
      "size": 131994.0,
      "dollar_value": 30926.1942
    },
    {
      "datetime": "2025-05-18 23:22:34",
      "side": "Sell",
      "price": 0.2343,
      "size": 131994.0,
      "dollar_value": 30926.1942
    },
    {
      "datetime": "2025-05-18 23:22:34",
      "side": "Sell",
      "price": 0.2343,
      "size": 131994.0,
      "dollar_value": 30926.1942
    },
    {
      "datetime": "2025-05-18 23:22:34",
      "side": "Sell",
      "price": 0.2343,
      "size": 131994.0,
      "dollar_value": 30926.1942
    },
    {
      "datetime": "2025-05-18 23:22:34",
      "side": "Sell",
      "price": 0.2343,
      "size": 131994.0,
      "dollar_value": 30926.1942
    },
    {
      "datetime": "2025-05-18 23:22:34",
      "side": "Sell",
      "price": 0.2343,
      "size": 131994.0,
      "dollar_value": 30926.1942
    },
    {
      "datetime": "2025-05-18 23:22:34",
      "side": "Sell",
      "price": 0.2343,
      "size": 131994.0,
      "dollar_value": 30926.1942
    },
    {
      "datetime": "2025-05-18 23:22:34",
      "side": "Sell",
      "price": 0.2343,
      "size": 131994.0,
      "dollar_value": 30926.1942
    },
    {
      "datetime": "2025-05-18 23:22:34",
      "side": "Sell",
      "price": 0.2343,
      "size": 131994.0,
      "dollar_value": 30926.1942
    },
    {
      "datetime": "2025-05-18 23:22:34",
      "side": "Sell",
      "price": 0.2343,
      "size": 131994.0,
      "dollar_value": 30926.1942
    },
    {
      "datetime": "2025-05-18 23:22:34",
      "side": "Sell",
      "price": 0.2343,
      "size": 131994.0,
      "dollar_value": 30926.1942
    },
    {
      "datetime": "2025-05-18 23:22:34",
      "side": "Sell",
      "price": 0.2343,
      "size": 131994.0,
      "dollar_value": 30926.1942
    },
    {
      "datetime": "2025-05-18 23:22:34",
      "side": "Sell",
      "price": 0.2343,
      "size": 131994.0,
      "dollar_value": 30926.1942
    },
    {
      "datetime": "2025-05-18 23:22:34",
      "side": "Sell",
      "price": 0.2343,
      "size": 131994.0,
      "dollar_value": 30926.1942
    },
    {
      "datetime": "2025-05-18 23:22:34",
      "side": "Sell",
      "price": 0.2343,
      "size": 131994.0,
      "dollar_value": 30926.1942
    },
    {
      "datetime": "2025-05-18 23:22:34",
      "side": "Sell",
      "price": 0.2343,
      "size": 131994.0,
      "dollar_value": 30926.1942
    },
    {
      "datetime": "2025-05-18 23:22:34",
      "side": "Sell",
      "price": 0.2343,
      "size": 131994.0,
      "dollar_value": 30926.1942
    },
    {
      "datetime": "2025-05-18 23:22:34",
      "side": "Sell",
      "price": 0.2343,
      "size": 131994.0,
      "dollar_value": 30926.1942
    },
    {
      "datetime": "2025-05-18 23:22:34",
      "side": "Sell",
      "price": 0.2343,
      "size": 131994.0,
      "dollar_value": 30926.1942
    },
    {
      "datetime": "2025-05-18 23:22:34",
      "side": "Sell",
      "price": 0.2343,
      "size": 131994.0,
      "dollar_value": 30926.1942
    },
    {
      "datetime": "2025-05-18 23:22:34",
      "side": "Sell",
      "price": 0.2343,
      "size": 131994.0,
      "dollar_value": 30926.1942
    },
    {
      "datetime": "2025-05-18 23:22:34",
      "side": "Sell",
      "price": 0.2343,
      "size": 131994.0,
      "dollar_value": 30926.1942
    },
    {
      "datetime": "2025-05-18 23:22:34",
      "side": "Sell",
      "price": 0.2343,
      "size": 131994.0,
      "dollar_value": 30926.1942
    },
    {
      "datetime": "2025-05-18 23:22:34",
      "side": "Sell",
      "price": 0.2343,
      "size": 131994.0,
      "dollar_value": 30926.1942
    },
    {
      "datetime": "2025-05-18 23:22:34",
      "side": "Sell",
      "price": 0.2343,
      "size": 131994.0,
      "dollar_value": 30926.1942
    },
    {
      "datetime": "2025-05-18 23:22:34",
      "side": "Sell",
      "price": 0.2343,
      "size": 131994.0,
      "dollar_value": 30926.1942
    },
    {
      "datetime": "2025-05-18 23:22:34",
      "side": "Sell",
      "price": 0.2343,
      "size": 131994.0,
      "dollar_value": 30926.1942
    },
    {
      "datetime": "2025-05-18 23:22:34",
      "side": "Sell",
      "price": 0.2343,
      "size": 131994.0,
      "dollar_value": 30926.1942
    },
    {
      "datetime": "2025-05-18 23:22:34",
      "side": "Sell",
      "price": 0.2343,
      "size": 131994.0,
      "dollar_value": 30926.1942
    },
    {
      "datetime": "2025-05-18 23:22:34",
      "side": "Sell",
      "price": 0.2343,
      "size": 131994.0,
      "dollar_value": 30926.1942
    },
    {
      "datetime": "2025-05-18 23:22:34",
      "side": "Sell",
      "price": 0.2343,
      "size": 131994.0,
      "dollar_value": 30926.1942
    },
    {
      "datetime": "2025-05-18 23:22:34",
      "side": "Sell",
      "price": 0.2343,
      "size": 131994.0,
      "dollar_value": 30926.1942
    },
    {
      "datetime": "2025-05-18 23:22:34",
      "side": "Sell",
      "price": 0.2343,
      "size": 131994.0,
      "dollar_value": 30926.1942
    },
    {
      "datetime": "2025-05-18 23:22:34",
      "side": "Sell",
      "price": 0.2343,
      "size": 131994.0,
      "dollar_value": 30926.1942
    },
    {
      "datetime": "2025-05-18 23:22:34",
      "side": "Sell",
      "price": 0.2343,
      "size": 131994.0,
      "dollar_value": 30926.1942
    },
    {
      "datetime": "2025-05-18 23:22:34",
      "side": "Sell",
      "price": 0.2343,
      "size": 131994.0,
      "dollar_value": 30926.1942
    },
    {
      "datetime": "2025-05-18 23:22:34",
      "side": "Sell",
      "price": 0.2343,
      "size": 131994.0,
      "dollar_value": 30926.1942
    },
    {
      "datetime": "2025-05-18 23:22:34",
      "side": "Sell",
      "price": 0.2343,
      "size": 131994.0,
      "dollar_value": 30926.1942
    },
    {
      "datetime": "2025-05-18 23:22:34",
      "side": "Sell",
      "price": 0.2343,
      "size": 131994.0,
      "dollar_value": 30926.1942
    },
    {
      "datetime": "2025-05-18 23:22:34",
      "side": "Sell",
      "price": 0.2343,
      "size": 131994.0,
      "dollar_value": 30926.1942
    },
    {
      "datetime": "2025-05-18 23:22:34",
      "side": "Sell",
      "price": 0.2343,
      "size": 131994.0,
      "dollar_value": 30926.1942
    },
    {
      "datetime": "2025-05-18 23:22:34",
      "side": "Sell",
      "price": 0.2343,
      "size": 131994.0,
      "dollar_value": 30926.1942
    },
    {
      "datetime": "2025-05-18 23:22:34",
      "side": "Sell",
      "price": 0.2343,
      "size": 131994.0,
      "dollar_value": 30926.1942
    },
    {
      "datetime": "2025-05-18 23:22:34",
      "side": "Sell",
      "price": 0.2343,
      "size": 131994.0,
      "dollar_value": 30926.1942
    },
    {
      "datetime": "2025-05-18 23:22:34",
      "side": "Sell",
      "price": 0.2343,
      "size": 131994.0,
      "dollar_value": 30926.1942
    },
    {
      "datetime": "2025-05-18 23:22:34",
      "side": "Sell",
      "price": 0.2343,
      "size": 131994.0,
      "dollar_value": 30926.1942
    },
    {
      "datetime": "2025-05-18 23:22:34",
      "side": "Sell",
      "price": 0.2343,
      "size": 131994.0,
      "dollar_value": 30926.1942
    },
    {
      "datetime": "2025-05-18 23:22:34",
      "side": "Sell",
      "price": 0.2343,
      "size": 131994.0,
      "dollar_value": 30926.1942
    },
    {
      "datetime": "2025-05-18 23:22:34",
      "side": "Sell",
      "price": 0.2343,
      "size": 131994.0,
      "dollar_value": 30926.1942
    },
    {
      "datetime": "2025-05-18 23:22:34",
      "side": "Sell",
      "price": 0.2343,
      "size": 131994.0,
      "dollar_value": 30926.1942
    },
    {
      "datetime": "2025-05-18 23:22:34",
      "side": "Sell",
      "price": 0.2343,
      "size": 131994.0,
      "dollar_value": 30926.1942
    },
    {
      "datetime": "2025-05-18 23:22:34",
      "side": "Sell",
      "price": 0.2343,
      "size": 131994.0,
      "dollar_value": 30926.1942
    },
    {
      "datetime": "2025-05-18 23:22:34",
      "side": "Sell",
      "price": 0.2343,
      "size": 131994.0,
      "dollar_value": 30926.1942
    },
    {
      "datetime": "2025-05-18 23:22:34",
      "side": "Sell",
      "price": 0.2343,
      "size": 131994.0,
      "dollar_value": 30926.1942
    },
    {
      "datetime": "2025-05-18 23:22:34",
      "side": "Sell",
      "price": 0.2343,
      "size": 131994.0,
      "dollar_value": 30926.1942
    },
    {
      "datetime": "2025-05-18 23:22:34",
      "side": "Sell",
      "price": 0.2343,
      "size": 131994.0,
      "dollar_value": 30926.1942
    },
    {
      "datetime": "2025-05-18 23:22:34",
      "side": "Sell",
      "price": 0.2343,
      "size": 131994.0,
      "dollar_value": 30926.1942
    },
    {
      "datetime": "2025-05-18 23:22:34",
      "side": "Sell",
      "price": 0.2343,
      "size": 131994.0,
      "dollar_value": 30926.1942
    },
    {
      "datetime": "2025-05-18 23:22:34",
      "side": "Sell",
      "price": 0.2343,
      "size": 131994.0,
      "dollar_value": 30926.1942
    },
    {
      "datetime": "2025-05-18 23:22:34",
      "side": "Sell",
      "price": 0.2343,
      "size": 131994.0,
      "dollar_value": 30926.1942
    },
    {
      "datetime": "2025-05-18 23:22:34",
      "side": "Sell",
      "price": 0.2343,
      "size": 131994.0,
      "dollar_value": 30926.1942
    },
    {
      "datetime": "2025-05-18 23:22:34",
      "side": "Sell",
      "price": 0.2343,
      "size": 131994.0,
      "dollar_value": 30926.1942
    },
    {
      "datetime": "2025-05-18 23:22:34",
      "side": "Sell",
      "price": 0.2343,
      "size": 131994.0,
      "dollar_value": 30926.1942
    },
    {
      "datetime": "2025-05-18 23:22:34",
      "side": "Sell",
      "price": 0.2343,
      "size": 131994.0,
      "dollar_value": 30926.1942
    },
    {
      "datetime": "2025-05-18 23:22:34",
      "side": "Sell",
      "price": 0.2343,
      "size": 131994.0,
      "dollar_value": 30926.1942
    },
    {
      "datetime": "2025-05-18 23:22:34",
      "side": "Sell",
      "price": 0.2343,
      "size": 131994.0,
      "dollar_value": 30926.1942
    },
    {
      "datetime": "2025-05-18 23:22:34",
      "side": "Sell",
      "price": 0.2343,
      "size": 131994.0,
      "dollar_value": 30926.1942
    },
    {
      "datetime": "2025-05-18 23:22:34",
      "side": "Sell",
      "price": 0.2343,
      "size": 131994.0,
      "dollar_value": 30926.1942
    },
    {
      "datetime": "2025-05-18 23:22:34",
      "side": "Sell",
      "price": 0.2343,
      "size": 131994.0,
      "dollar_value": 30926.1942
    },
    {
      "datetime": "2025-05-18 23:22:34",
      "side": "Sell",
      "price": 0.2343,
      "size": 131994.0,
      "dollar_value": 30926.1942
    },
    {
      "datetime": "2025-05-18 23:22:34",
      "side": "Sell",
      "price": 0.2343,
      "size": 131994.0,
      "dollar_value": 30926.1942
    },
    {
      "datetime": "2025-05-18 23:22:34",
      "side": "Sell",
      "price": 0.2343,
      "size": 131994.0,
      "dollar_value": 30926.1942
    },
    {
      "datetime": "2025-05-18 23:22:34",
      "side": "Sell",
      "price": 0.2343,
      "size": 131994.0,
      "dollar_value": 30926.1942
    },
    {
      "datetime": "2025-05-18 23:22:34",
      "side": "Sell",
      "price": 0.2343,
      "size": 131994.0,
      "dollar_value": 30926.1942
    },
    {
      "datetime": "2025-05-18 23:22:34",
      "side": "Sell",
      "price": 0.2343,
      "size": 131994.0,
      "dollar_value": 30926.1942
    },
    {
      "datetime": "2025-05-18 23:22:34",
      "side": "Sell",
      "price": 0.2343,
      "size": 131994.0,
      "dollar_value": 30926.1942
    },
    {
      "datetime": "2025-05-18 23:22:34",
      "side": "Sell",
      "price": 0.2343,
      "size": 131994.0,
      "dollar_value": 30926.1942
    },
    {
      "datetime": "2025-05-18 23:22:34",
      "side": "Sell",
      "price": 0.2343,
      "size": 131994.0,
      "dollar_value": 30926.1942
    },
    {
      "datetime": "2025-05-18 23:22:34",
      "side": "Sell",
      "price": 0.2343,
      "size": 131994.0,
      "dollar_value": 30926.1942
    },
    {
      "datetime": "2025-05-18 23:22:34",
      "side": "Sell",
      "price": 0.2343,
      "size": 131994.0,
      "dollar_value": 30926.1942
    },
    {
      "datetime": "2025-05-18 23:22:34",
      "side": "Sell",
      "price": 0.2343,
      "size": 131994.0,
      "dollar_value": 30926.1942
    },
    {
      "datetime": "2025-05-18 23:22:34",
      "side": "Sell",
      "price": 0.2343,
      "size": 131994.0,
      "dollar_value": 30926.1942
    },
    {
      "datetime": "2025-05-18 23:22:34",
      "side": "Sell",
      "price": 0.2343,
      "size": 131994.0,
      "dollar_value": 30926.1942
    },
    {
      "datetime": "2025-05-18 23:22:34",
      "side": "Sell",
      "price": 0.2343,
      "size": 131994.0,
      "dollar_value": 30926.1942
    },
    {
      "datetime": "2025-05-18 23:22:34",
      "side": "Sell",
      "price": 0.2343,
      "size": 131994.0,
      "dollar_value": 30926.1942
    },
    {
      "datetime": "2025-05-18 23:22:34",
      "side": "Sell",
      "price": 0.2343,
      "size": 131994.0,
      "dollar_value": 30926.1942
    },
    {
      "datetime": "2025-05-18 23:22:34",
      "side": "Sell",
      "price": 0.2343,
      "size": 131994.0,
      "dollar_value": 30926.1942
    },
    {
      "datetime": "2025-05-18 23:22:34",
      "side": "Sell",
      "price": 0.2343,
      "size": 131994.0,
      "dollar_value": 30926.1942
    },
    {
      "datetime": "2025-05-18 23:22:34",
      "side": "Sell",
      "price": 0.2343,
      "size": 131994.0,
      "dollar_value": 30926.1942
    },
    {
      "datetime": "2025-05-18 23:22:34",
      "side": "Sell",
      "price": 0.2343,
      "size": 131994.0,
      "dollar_value": 30926.1942
    },
    {
      "datetime": "2025-05-18 23:22:34",
      "side": "Sell",
      "price": 0.2343,
      "size": 131994.0,
      "dollar_value": 30926.1942
    },
    {
      "datetime": "2025-05-18 23:22:34",
      "side": "Sell",
      "price": 0.2343,
      "size": 131994.0,
      "dollar_value": 30926.1942
    },
    {
      "datetime": "2025-05-18 23:22:34",
      "side": "Sell",
      "price": 0.2343,
      "size": 131994.0,
      "dollar_value": 30926.1942
    },
    {
      "datetime": "2025-05-18 23:22:34",
      "side": "Sell",
      "price": 0.2343,
      "size": 131994.0,
      "dollar_value": 30926.1942
    },
    {
      "datetime": "2025-05-18 23:22:34",
      "side": "Sell",
      "price": 0.2343,
      "size": 131994.0,
      "dollar_value": 30926.1942
    },
    {
      "datetime": "2025-05-18 23:22:34",
      "side": "Sell",
      "price": 0.2343,
      "size": 131994.0,
      "dollar_value": 30926.1942
    },
    {
      "datetime": "2025-05-18 23:22:34",
      "side": "Sell",
      "price": 0.2343,
      "size": 131994.0,
      "dollar_value": 30926.1942
    },
    {
      "datetime": "2025-05-18 23:22:34",
      "side": "Sell",
      "price": 0.2343,
      "size": 131994.0,
      "dollar_value": 30926.1942
    },
    {
      "datetime": "2025-05-18 23:22:34",
      "side": "Sell",
      "price": 0.2343,
      "size": 131994.0,
      "dollar_value": 30926.1942
    },
    {
      "datetime": "2025-05-18 23:22:34",
      "side": "Sell",
      "price": 0.2343,
      "size": 131994.0,
      "dollar_value": 30926.1942
    },
    {
      "datetime": "2025-05-18 23:22:34",
      "side": "Sell",
      "price": 0.2343,
      "size": 131994.0,
      "dollar_value": 30926.1942
    },
    {
      "datetime": "2025-05-18 23:22:34",
      "side": "Sell",
      "price": 0.2343,
      "size": 131994.0,
      "dollar_value": 30926.1942
    },
    {
      "datetime": "2025-05-18 23:22:34",
      "side": "Sell",
      "price": 0.2343,
      "size": 131994.0,
      "dollar_value": 30926.1942
    },
    {
      "datetime": "2025-05-18 23:22:34",
      "side": "Sell",
      "price": 0.2343,
      "size": 131994.0,
      "dollar_value": 30926.1942
    },
    {
      "datetime": "2025-05-18 23:22:34",
      "side": "Sell",
      "price": 0.2343,
      "size": 131994.0,
      "dollar_value": 30926.1942
    },
    {
      "datetime": "2025-05-18 23:22:34",
      "side": "Sell",
      "price": 0.2343,
      "size": 131994.0,
      "dollar_value": 30926.1942
    },
    {
      "datetime": "2025-05-18 23:22:34",
      "side": "Sell",
      "price": 0.2343,
      "size": 131994.0,
      "dollar_value": 30926.1942
    },
    {
      "datetime": "2025-05-18 23:22:34",
      "side": "Sell",
      "price": 0.2343,
      "size": 131994.0,
      "dollar_value": 30926.1942
    },
    {
      "datetime": "2025-05-18 23:22:34",
      "side": "Sell",
      "price": 0.2343,
      "size": 131994.0,
      "dollar_value": 30926.1942
    },
    {
      "datetime": "2025-05-18 23:22:34",
      "side": "Sell",
      "price": 0.2343,
      "size": 131994.0,
      "dollar_value": 30926.1942
    },
    {
      "datetime": "2025-05-18 23:22:34",
      "side": "Sell",
      "price": 0.2343,
      "size": 131994.0,
      "dollar_value": 30926.1942
    },
    {
      "datetime": "2025-05-18 23:22:34",
      "side": "Sell",
      "price": 0.2343,
      "size": 131994.0,
      "dollar_value": 30926.1942
    },
    {
      "datetime": "2025-05-18 23:22:34",
      "side": "Sell",
      "price": 0.2343,
      "size": 131994.0,
      "dollar_value": 30926.1942
    },
    {
      "datetime": "2025-05-18 23:22:34",
      "side": "Sell",
      "price": 0.2343,
      "size": 131994.0,
      "dollar_value": 30926.1942
    },
    {
      "datetime": "2025-05-18 23:22:34",
      "side": "Sell",
      "price": 0.2343,
      "size": 131994.0,
      "dollar_value": 30926.1942
    },
    {
      "datetime": "2025-05-18 23:22:34",
      "side": "Sell",
      "price": 0.2343,
      "size": 131994.0,
      "dollar_value": 30926.1942
    },
    {
      "datetime": "2025-05-18 23:22:34",
      "side": "Sell",
      "price": 0.2343,
      "size": 131994.0,
      "dollar_value": 30926.1942
    },
    {
      "datetime": "2025-05-18 23:22:34",
      "side": "Sell",
      "price": 0.2343,
      "size": 131994.0,
      "dollar_value": 30926.1942
    },
    {
      "datetime": "2025-05-18 23:22:34",
      "side": "Sell",
      "price": 0.2343,
      "size": 131994.0,
      "dollar_value": 30926.1942
    },
    {
      "datetime": "2025-05-18 23:22:34",
      "side": "Sell",
      "price": 0.2343,
      "size": 131994.0,
      "dollar_value": 30926.1942
    },
    {
      "datetime": "2025-05-18 23:22:34",
      "side": "Sell",
      "price": 0.2343,
      "size": 131994.0,
