{
  "ETHUSDT": [
    {
      "datetime": "2025-05-18 09:06:17",
      "side": "Sell",
      "price": 2483.04,
      "size": 22.03,
      "dollar_value": 54701.3712
    }
  ],
  "1000PEPEUSDT": [
    {
      "datetime": "2025-05-18 09:06:26",
      "side": "Buy",
      "price": 0.012366,
      "size": 3046900.0,
      "dollar_value": 37677.9654
    },
    {
      "datetime": "2025-05-18 09:06:26",
      "side": "Buy",
      "price": 0.012366,
      "size": 3046900.0,
      "dollar_value": 37677.9654
    },
    {
      "datetime": "2025-05-18 09:06:26",
      "side": "Buy",
      "price": 0.012366,
      "size": 3046900.0,
      "dollar_value": 37677.9654
    }
  ],
  "BTCUSDT": [
    {
      "datetime": "2025-05-18 09:09:06",
      "side": "Sell",
      "price": 103234.3,
      "size": 0.252,
      "dollar_value": 26015.0436
    },
    {
      "datetime": "2025-05-18 09:09:06",
      "side": "Sell",
      "price": 103234.3,
      "size": 0.252,
      "dollar_value": 26015.0436
    },
    {
      "datetime": "2025-05-18 09:07:58",
      "side": "Buy",
      "price": 103241.8,
      "size": 0.5,
      "dollar_value": 51620.9
    },
    {
      "datetime": "2025-05-18 09:07:26",
      "side": "Sell",
      "price": 103243.6,
      "size": 0.353,
      "dollar_value": 36444.9908
    },
    {
      "datetime": "2025-05-18 09:03:25",
      "side": "Buy",
      "price": 103246.4,
      "size": 0.362,
      "dollar_value": 37375.1968
    },
    {
      "datetime": "2025-05-18 09:02:33",
      "side": "Buy",
      "price": 103247.6,
      "size": 0.353,
      "dollar_value": 36446.4028
    },
    {
      "datetime": "2025-05-18 09:02:31",
      "side": "Sell",
      "price": 103247.6,
      "size": 0.741,
      "dollar_value": 76506.4716
    },
    {
      "datetime": "2025-05-18 09:02:31",
      "side": "Sell",
      "price": 103247.6,
      "size": 0.741,
      "dollar_value": 76506.4716
    },
    {
      "datetime": "2025-05-18 09:02:31",
      "side": "Sell",
      "price": 103247.6,
      "size": 0.741,
      "dollar_value": 76506.4716
    },
    {
      "datetime": "2025-05-18 09:02:31",
      "side": "Sell",
      "price": 103247.6,
      "size": 0.741,
      "dollar_value": 76506.4716
    },
    {
      "datetime": "2025-05-18 09:02:31",
      "side": "Sell",
      "price": 103247.6,
      "size": 0.741,
      "dollar_value": 76506.4716
    },
    {
      "datetime": "2025-05-18 09:02:31",
      "side": "Sell",
      "price": 103247.6,
      "size": 0.741,
      "dollar_value": 76506.4716
    },
    {
      "datetime": "2025-05-18 09:02:30",
      "side": "Buy",
      "price": 103251.5,
      "size": 0.414,
      "dollar_value": 42746.121
    }
  ]
}